% Encoding: UTF-8

@Article{Bezanson2009,
  author        = {Bezanson, Michelle},
  title         = {Life History and Locomotion in \emph{Cebus capucinus} and \emph{Alouatta palliata}},
  journal       = {American Journal of Physical Anthropology},
  year          = {2009},
  number        = {140},
  pages         = {508--517},
  doi           = {10.1002/ajpa.21099},
  __markedentry = {[danie_000:6]},
  publisher     = {Wiley-Liss, Inc.},
}

@Article{Bezanson2008,
  author        = {Bezanson, Michelle and Garber, Paul A. and Murphy, John T. and Premo, L. S.},
  title         = {Patterns of Subgrouping and Spatial Affiliation in A Community of Mantled Howling Monkeys (\emph{Alouatta palliata})},
  journal       = {American Journal of Primatology},
  year          = {2008},
  number        = {70},
  pages         = {282--293},
  doi           = {10.1002/ajp.20486},
  __markedentry = {[danie_000:6]},
  publisher     = {Wiley-Liss, Inc.},
}

@InBook{Jack2011,
  author        = {Jack, Katharine M.},
  title         = {The Cebines: Toward an Explanation of Variable Social Structure},
  booktitle     = {Primates in Perspective},
  year          = {2011},
  editor        = {Campbell, Christina J. and Fuentes, Agustín and MacKinnon, Katherine C. and Bearder, Simon K. and Stumpf, Rebecca M.},
  edition       = {2},
  publisher     = {Oxford University Press},
  location      = {New York},
  chapter       = {8},
  pages         = {108--122},
  __markedentry = {[danie_000:6]},
}

@InBook{Sherrow2011,
  author        = {Sherrow, Hogan M. and MacKinnon, Katherine C.},
  title         = {Juvenile and Adolescent Primates: The Application of Life History Theory},
  booktitle     = {Primates in Perspective},
  year          = {2011},
  editor        = {Campbell, Christina J. and Fuentes, Agustín and MacKinnon, Katherine C. and Bearder, Simon K. and Stumpf, Rebecca M.},
  edition       = {2},
  publisher     = {Oxford University Press},
  location      = {New York},
  chapter       = {28},
  pages         = {455--464},
  __markedentry = {[danie_000:6]},
}

@Book{Strier2007,
  author        = {Strier, Karen B.},
  title         = {Primate Behavioral Ecology},
  year          = {2007},
  edition       = {3},
  publisher     = {Allyn and Bacon},
  location      = {Boston},
  __markedentry = {[danie_000:6]},
}

@InBook{Sussman2005,
  author        = {Sussman, Robert W. and Garber, Paul A.},
  title         = {Cooperation and Competition in Primate Social Interactions},
  booktitle     = {Primates in Perspective},
  year          = {2005},
  editor        = {Campbell, Christina J. and Fuentes, Agustín and Mackinnon, Katherine C. and Bearder, Simon K. and Stumpf, Rebecca M.},
  edition       = {1},
  publisher     = {Oxford University Press},
  __markedentry = {[danie_000:6]},
}

@InBook{Sussman2011,
  author        = {Sussman, Robert W. and Garber, Paul A.},
  title         = {Cooperation, Collective Action, and Competition in Primate Social Interactions},
  booktitle     = {Primates in Perspective},
  year          = {2011},
  editor        = {Campbell, Christina J. and Fuentes, Agustín and MacKinnon, Katherine C. and Bearder, Simon K. and Stumpf, Rebecca M.},
  edition       = {2},
  publisher     = {Oxford University Press},
  location      = {New York},
  chapter       = {39},
  pages         = {587--599},
  __markedentry = {[danie_000:6]},
}

@Article{Mallott2017,
  author        = {Mallott, Elizabeth K. and Garber, Paul A. and Malhi, Ripan S.},
  title         = {Integrating feeding behavior, ecological data, and {DNA} barcoding to identify developmental differences in invertebrate foraging strategies in wild white-faced capuchins (\emph{Cebus capucinus})},
  journal       = {American Journal of Physical Anthropology},
  year          = {2017},
  volume        = {162},
  number        = {2},
  pages         = {241--254},
  doi           = {10.1002/ajpa.23113},
  __markedentry = {[danie_000:6]},
}

@InBook{Sanford1994,
  author        = {Sanford, Robert L. and Paaby, Pia and Phillips, Eugene and Luvall, Jeffrey C.},
  title         = {Climate, Geomorphology, and Aquatic Systems},
  booktitle     = {{La Selva}: Ecology and Natural History of a Neotropical Rain Forest},
  year          = {1994},
  editor        = {McDade, Lucinda A. and Bawa, S. Kamaljit and Hespenheide, Henry A. and Hartshorn, Gary S.},
  publisher     = {University of Chicago Press},
  chapter       = {3},
  pages         = {19--33},
  __markedentry = {[danie_000:6]},
}

@Article{Altmann1974,
  author        = {Altmann, Jeanne},
  title         = {Observational Study of Behavior: Sampling Methods},
  journal       = {Behaviour},
  year          = {1974},
  volume        = {49},
  number        = {3/4},
  pages         = {227--267},
  doi           = {10.1163/156853974x00534},
  __markedentry = {[danie_000:6]},
}

@Article{Phillips1995,
  author        = {Phillips, Kim A.},
  title         = {Resource patch size and flexible foraging in white-faced capuchins (\emph{Cebus capucinus})},
  journal       = {International Journal of Primatology},
  year          = {1995},
  volume        = {16},
  number        = {3},
  pages         = {509--519},
  doi           = {10.1007/BF02735800},
  __markedentry = {[danie_000:6]},
}

@Article{Harvey1985,
  author        = {Harvey, Paul H. and Clutton-Brock, T. H.},
  title         = {Life History Variation in Primates},
  journal       = {Evolution},
  year          = {1985},
  volume        = {39},
  number        = {3},
  pages         = {559--581},
  doi           = {10.2307/2408653},
  __markedentry = {[danie_000:6]},
  publisher     = {Society for the Study of Evolution},
}

@Article{Rapaport2008,
  author        = {Rapaport, Lisa G. and Brown, Gillian R.},
  title         = {Social influences on foraging behavior in young nonhuman primates: Learning what, where, and how to eat},
  journal       = {Evolutionary Anthropology},
  year          = {2008},
  volume        = {17},
  number        = {4},
  pages         = {189--201},
  doi           = {10.1002/evan.20180},
  __markedentry = {[danie_000:6]},
}

@Article{Perry1994,
  author        = {Perry, Susan and Rose, Lisa},
  title         = {Begging and transfer of coati meat by white-faced capuchin monkeys, \emph{Cebus capucinus}},
  journal       = {Primates},
  year          = {1994},
  volume        = {35},
  number        = {4},
  pages         = {409--415},
  doi           = {10.1007/BF02381950},
  __markedentry = {[danie_000:6]},
}

@Article{OMalley2005,
  author        = {O'Malley, Robert C. and Fedigan, Linda M.},
  title         = {Evaluating social influences on food-processing behavior in white-faced capuchins (\emph{Cebus capucinus})},
  journal       = {American Jounral of Physical Anthropology},
  year          = {2005},
  volume        = {127},
  number        = {4},
  pages         = {481--491},
  doi           = {10.1002/ajpa.20095},
  __markedentry = {[danie_000:6]},
}

@Article{Robinson1981,
  author        = {Robinson, John G.},
  title         = {Spatial structure in foraging groups of wedge-capped capuchin monkeys \emph{Cebus nigrivittatus}},
  journal       = {Animal Behaviour},
  year          = {1981},
  volume        = {29},
  number        = {4},
  pages         = {1036--1056},
  doi           = {10.1016/S0003-3472(81)80057-7},
  __markedentry = {[danie_000:6]},
}

@Article{Hall1997,
  author        = {Hall, Carolyn L. and Fedigan, Linda M.},
  title         = {Spatial benefits afforded by high rank in white-faced capuchins},
  journal       = {Animal Behaviour},
  year          = {1997},
  volume        = {53},
  number        = {5},
  pages         = {1069--1082},
  doi           = {10.1006/anbe.1996.0392},
  __markedentry = {[danie_000:6]},
}

@Book{Fragaszy2004,
  author        = {Fragaszy, Dorothy M. and Visalberghi, Elisabetta and Fedigan, Linda M.},
  title         = {The Complete Capuchin},
  year          = {2004},
  publisher     = {Cambridge University Press},
  location      = {Cambridge},
  __markedentry = {[danie_000:6]},
}

@Article{Joffe1997,
  author        = {Joffe, Tracey H.},
  title         = {Social pressures have selected for an extended juvenile period in primates},
  journal       = {Journal of Human Evolution},
  year          = {1997},
  volume        = {32},
  number        = {6},
  pages         = {593--605},
  doi           = {10.1006/jhev.1997.0140},
  __markedentry = {[danie_000:6]},
}

@Comment{jabref-meta: databaseType:biblatex;}
