% Encoding: UTF-8

@Article{McG08CareyDon,
  author    = {McGee-Lawrence, Meghan E. and Carey, Hannah V. and Donahue, Seth W.},
  title     = {Mammalian hibernation as a model of disuse osteoporosis: The effects of physical inactivity on bone metabolism, structure, and strength},
  journal   = {Comparative and Evolutionary Physiology},
  year      = {2008},
  volume    = {295},
  pages     = {R199-R2014},
  doi       = {10.1152/ajpregu.90648.2008},
  number     = {6},
  publisher = {American Physiological Society},
}

@Article{Wad14,
  author    = {Wade, S. W. and Strader, C. and Fitzpatrick, L. A. and Anthony, M. S. and O'Malley, C. D.},
  title     = {Estimating prevalence of osteoporosis: Examples from industrialized countries},
  journal   = {Archives of Osteoporosis},
  year      = {2014},
  volume    = {9},
  pages     = {182},
  doi       = {10.1007/s11657-014-0182-3},
  publisher = {Springer Nature},
}

@Article{Han08,
  author    = {Handa, Rohini and Kalla, Asgar Ali and Maalouf, Ghassan},
  title     = {Osteoporosis in developing countries},
  journal   = {Best Practice \& Research Clinical Rheumatology},
  year      = {2008},
  volume    = {22},
  pages     = {693--708},
  doi       = {10.1016/j.berh.2008.04.002},
  number     = {4},
  publisher = {Elsevier},
}

@Article{Kan01,
  author    = {Kanis, John and Oden, Anders and Johnell, Olof},
  title     = {Acute and long-term increase in fracture risk after hospitalization for stroke},
  journal   = {Stroke},
  year      = {2001},
  volume    = {32},
  pages     = {702--706},
  doi       = {10.1161/01.STR.32.3.702},
  number     = {3},
  publisher = {American Heart Association},
}

@Article{Wan01,
  author    = {Wang, C.-M. and Chen, Y. and DeVivo, M. J. and Huang, C.-T.},
  title     = {Epidemiology of extraspinal fractures associated with acute spinal cord injury},
  journal   = {Spinal Cord},
  year      = {2001},
  volume    = {39},
  pages     = {589--594},
  doi       = {10.1038/sj.sc.3101216},
  publisher = {Springer Nature},
}

@Article{Wei18,
  author    = {Wei, Meng and Lyu, Haiyian and Huo, Kang and Su, Hua},
  title     = {Impact of bone fracture on ischemic stroke recovery},
  journal   = {International Journal of Molecular Sciences},
  year      = {2018},
  volume    = {19},
  pages     = {1533},
  doi       = {10.3390/ijms19051533},
  number     = {5},
  publisher = {MDPI},
}

@Article{LeB00,
  author  = {LeBlanc, A. and Schneider, V. and Shackelford, L. and West, S. and Oganov, V. and Bakulin, A. and Voronin, L.},
  title   = {Bone mineral and lean tnumber loss after long duration space flight},
  journal = {Journal of Musculoskeletal \& Neuronal Interactions},
  year    = {2000},
  volume  = {1},
  pages   = {157--160},
  number   = {2},
}

@Article{Hol98,
  author    = {Holick, M. F.},
  title     = {Perspective on the impact of weightlessness on calcium and bone metabolism},
  journal   = {Bone},
  year      = {1998},
  volume    = {22},
  pages     = {105S-111S},
  doi       = {10.1016/S8756-3282(98)00014-3},
  number     = {5},
  publisher = {Elsevier},
}

@Article{Agu09,
  author    = {Aguirre, J. Ignacio and Plotkin, Lilian I. and Stewart, Scott A. and Weinstein, Robert S. and Parfitt, A. Michael and Manolagas, Stavros C. and Bellido, Teresita},
  title     = {Osteocyte apoptosis is induced by weightlessness in mice and precedes osteoclast recruitment and bone loss},
  journal   = {Journal of Bone and Mineral Research},
  year      = {2009},
  volume    = {21},
  pages     = {605--615},
  doi       = {10.1359/jbmr.060107},
  number     = {4},
  publisher = {Wiley},
}

@Article{Gar00,
  author  = {Garber, M. A. and McDowell, D. L. and Hutton, W. C.},
  title   = {Bone loss during simulated weightlessness: a biomechanical and mineralization study in the rat model},
  journal = {Aviation, Space, and Environmental Medicine},
  year    = {2000},
  volume  = {71},
  pages   = {586--592},
  number   = {6},
}

@Article{Dau04,
  author    = {Dausmann, Kathrin H. and Glos, Julian and Ganzhorn, Jörg U. and Heldmaier, Gerhard},
  title     = {Hibernation in a tropical primate},
  journal   = {Nature},
  year      = {2004},
  volume    = {429},
  pages     = {825--826},
  doi       = {10.1038/429825a},
  publisher = {Nature Research},
}

@Article{Toi11,
  author    = {Tøien, Øivind and Blake, John and Edgar, Dale M. and Grahn, Dennis A. and Heller, H. Craig and Barnes, Brian M.},
  title     = {Hibernation in black bears: Independence of metabolic suppression from body temperature},
  journal   = {Science},
  year      = {2011},
  volume    = {331},
  pages     = {906--909},
  doi       = {10.1126/science.1199435},
  number     = {6019},
  publisher = {American Association for the Advancement of Science},
}

@Article{Daa91,
  author    = {Daan, Serge and Barnes, Brian M. and Strijkstra, Arjen M.},
  title     = {Warming up for sleep? -- Ground squirrels sleep during arousals from hibernation},
  journal   = {Neuroscience Letters},
  year      = {1991},
  volume    = {128},
  pages     = {265--268},
  doi       = {10.1016/0304-3940(91)90276-Y},
  number     = {2},
  publisher = {Elsevier},
}

@Article{Lan04,
  author    = {Lang, Thomas and LeBlanc, Adrian and Evans, Harlan and Lu, Ying and Genant, Harry and Yu, Alice},
  title     = {Cortical and trabecular bone mineral loss from the spine and hip in long-duration spaceflight},
  journal   = {Journal of Bone and Mineral Research},
  year      = {2004},
  volume    = {19},
  pages     = {1006--1012},
  doi       = {10.1359/JBMR.040307},
  number     = {6},
  publisher = {Wiley},
}

@Article{Blo10,
  author    = {Bloomfield, Susan A.},
  title     = {Disuse osteopenia},
  journal   = {Curent Osteoporosis Reports},
  year      = {2010},
  volume    = {8},
  pages     = {91--97},
  doi       = {10.1007/s11914-010-0013-4},
  number     = {2},
  publisher = {Springer Nature},
}

@Article{Koh04,
  author    = {Kohrt, Wendy M. and Bloomfield, Susan A. and Little, Kathleen D. and Nelson, Miriam E. and Yingling, Vanessa R.},
  title     = {Physical activity and bone health},
  journal   = {Medicine \& Science in Sports \& Exercise},
  year      = {2004},
  volume    = {36},
  pages     = {1985--1996},
  doi       = {10.1249/01.MSS.0000142662.21767.58},
  number     = {11},
  publisher = {Wolters Kluwer},
}

@Article{Qin03,
  author    = {Qin, Yi-Xian and Kaplan, Tamara and Saldanha, Anita and Rubin, Clinton},
  title     = {Fluid pressure gradients, arising from oscillations in intramedullary pressure, is correlated with the formation of bone and inhibition of intracortical porosity},
  journal   = {Journal of Biomechanics},
  year      = {2003},
  volume    = {36},
  pages     = {1427--1437},
  doi       = {10.1016/S0021-9290(03)00127-1},
  number     = {10},
  publisher = {Elsevier},
}

@Article{Blo06,
  author    = {Bloomfield, Susan A.},
  title     = {Does altered blood flow to bone in microgravity impact on mechanotransduction?},
  journal   = {Journal of Musculoskeletal and Neuronal Interactions},
  year      = {2006},
  volume    = {6},
  pages     = {324--326},
  number     = {4},
  publisher = {Hylonome Publications},
}

@incollection{Lov12,
  title     = {A single origin of heterothermy in mammals},
  publisher = {Springer-Verlag},
  year      = {2012},
  author    = {Lovegrove, Barry G.},
  editor    = {Ruf, Thomas and Beiber, Claudia and Arnold, Walter and Millesi, Eva},
  booktitle = {Living in a Seasonal World: Thermoregulatory and Metabolic Adaptations},
  chapter   = {1},
  doi       = {10.1007/978-3-642-28678-0_1},
  location  = {Berlin},
  pages     = {3--11},
}

@incollection{Dau12,
  title     = {Afrotropical heterothermy: A continuum of possibilities},
  publisher = {Springer-Verlag},
  year      = {2012},
  author    = {Dausmann, Kathrin H. and Nowack, Julia and Kobbe, Susanne and Mzilikazi, Nomakwezi},
  editor    = {Ruf, Thomas and Beiber, Claudia and Arnold, Walter and Millesi, Eva},
  booktitle = {Living in a Seasonal World: Thermoregulatory and Metabolic Adaptations},
  chapter   = {2},
  doi       = {10.1007/978-3-642-28678-0_2},
  location  = {Berlin},
  pages     = {13--27},
}

@incollection{Bou12,
  title     = {The hibernating immune system},
  publisher = {Springer-Verlag},
  year      = {2012},
  author    = {Bouma, Hjalmar R. and Strijkstra, Arjen M. and Talaei, Fatimeh and Henning, Rob H. and Carey, Hannah V. and Kroese, Frans G. M.},
  editor    = {Ruf, Thomas and Beiber, Claudia and Arnold, Walter and Millesi, Eva},
  booktitle = {Living in a Seasonal World: Thermoregulatory and Metabolic Adaptations},
  chapter   = {23},
  doi       = {10.1007/978-3-642-28678-0_23},
  location  = {Berlin},
  pages     = {259--270},
}

@incollection{Gei12,
  title     = {The other functions of torpor},
  publisher = {Springer-Verlag},
  year      = {2012},
  author    = {Geiser, Fritz and Brigham, R. Mark},
  editor    = {Ruf, Thomas and Beiber, Claudia and Arnold, Walter and Millesi, Eva},
  booktitle = {Living in a Seasonal World: Thermoregulatory and Metabolic Adaptations},
  chapter   = {10},
  doi       = {10.1007/978-3-642-28678-0_10},
  location  = {Berlin},
  pages     = {109--121},
}

@incollection{Lym82,
  title     = {Who is who among the hibernators},
  publisher = {Academic Press},
  year      = {1982},
  author    = {Lyman, Charles P.},
  editor    = {Lyman, Charles P. and Willis, John S. and Malan, André and Wang, Lawrence C. H.},
  booktitle = {Hibernation and Torpor in Mammals and Birds},
  location  = {New York},
  pages     = {12--36},
}

@Article{Kik10,
  author    = {Kikuchi, Ryunosuke and Vanneste, Maarten},
  title     = {A theoretical exercise in the modeling of ground-level ozone resulting from the {K–T} asteroid impact: Its possible link with the extinction selectivity of terrestrial vertebrates},
  journal   = {Palaeogeography, Palaeoclimatology, Palaeoecology},
  year      = {2010},
  volume    = {288},
  pages     = {14--23},
  doi       = {10.1016/j.palaeo.2010.01.027},
  number     = {1-4},
  publisher = {Elsevier},
}

@Article{Gei08,
  author    = {Geiser, Fritz},
  title     = {Ontogeny and phylogeny of endothermy and torpor in mammals and birds},
  journal   = {Comparative Biochemistry and Physiology Part A: Molecular \& Integrative Physiology},
  year      = {2008},
  volume    = {150},
  pages     = {176--180},
  doi       = {10.1016/j.cbpa.2007.02.041},
  number     = {2},
  publisher = {Elsevier},
}

@Article{Bai90,
  author    = {Bain, Steven D. and Rubin, Clinton T.},
  title     = {Metabolic modulation of disuse osteopoenia: Endocrine-dependent site specificity of bone remodeling},
  journal   = {Journal of Bone and Mineral Research},
  year      = {1990},
  volume    = {5},
  pages     = {1069--1075},
  doi       = {10.1002/jbmr.5650051011},
  number     = {10},
  publisher = {Mary Ann Liebert, Inc.},
}

@Article{Wei89,
  author    = {Weinreb, M. and Rodan, G. A. and Thompson, D. D.},
  title     = {Osteopenia in the immobilized rat hind limb is associated with increased bone resorption and decreased bone formation},
  journal   = {Bone},
  year      = {1989},
  volume    = {10},
  pages     = {187--194},
  doi       = {10.1016/8756-3282(89)90052-5},
  number     = {3},
  publisher = {Elsevier},
}

@Article{McG08,
  author    = {McGee-Lawrence, Meghan E. and Maki, Aaron J. and Johnson, Steven E. and Nelson, O. Lynne and Robbins, Charles T. and Donahue, Seth W.},
  title     = {Decreased bone turnover with balanced resorption and formation prevent cortical bone loss during disuse (hibernation) in grizzly bears (\emph{Ursus arctos horribilis})},
  journal   = {Bone},
  year      = {2008},
  volume    = {42},
  pages     = {396--404},
  doi       = {10.1016/j.bone.2007.10.010},
  number     = {2},
  publisher = {Elsevier},
}

@Article{LiC05,
  author    = {Li, Chao Yang and Price, Christopher and Delisser, Kemesha and Nasser, Philip and Laudier, Damien and Clement, Mariza and Jepsen, Karl J. and Schaffler, Mitchell B.},
  title     = {Long-term disuse osteoporosis seems less sensitive to biophosphonate treatment than other osteoporosis},
  journal   = {Journal of Bone and Mineral Research},
  year      = {2005},
  volume    = {20},
  pages     = {117--124},
  doi       = {10.1359/JBMR.041010},
  number     = {1},
  publisher = {Wiley},
}

@Article{Kel18,
  author    = {Kelley, Jennifer C. and Stettler-Davis, Nicolas and Leonard, Mary B. and Hill, Douglas and Wrotniak, Brian H. and Shults, Justine and Stallings, Virginia A. and Berkowitz, Robert and Xanthopoulos, Melissa S. and Prout-Parks, Elizabeth and Klieger, Sarah B. and Zemel, Babette S.},
  title     = {Effects of a radomized weight loss intervention trial in obese adolescents on tibia and radius bone geometry and volumetric density},
  journal   = {Journal of Bone and Mineral Research},
  year      = {2018},
  volume    = {33},
  pages     = {42--53},
  doi       = {10.1002/jbmr.3288},
  number     = {1},
  publisher = {Wiley},
}

@Article{Wys11,
  author    = {Wysocki, Andrea and Butler, Mary and Shamliyan, Tatyana and Kane, Robert L.},
  title     = {Whole-body vibration therapy for osteoporosis: State of the science},
  journal   = {Annals of Internal Medicine},
  year      = {2011},
  volume    = {155},
  pages     = {680--686},
  doi       = {10.7326/0003-4819-155-10-201111150-00006},
  number     = {10},
  publisher = {American College of Physicians},
}

@Article{Tot09,
  author  = {de Zepetnek, Julia O. Totosy and Giangregorio, Lora M. and Craven, B. Catharine},
  title   = {Whole-body vibration as potential intervention for people with low bone mineral density and osteoporosis: A review},
  journal = {Journal of Rehabilitation Research \& Development},
  year    = {2009},
  volume  = {46},
  pages   = {429--542},
  doi     = {10.1682/jrrd.2008.09.0136},
  number   = {4},
}

@Article{Car03,
  author    = {Cardinale, M. and Pope, M. H.},
  title     = {The effects of whole body vibration on humans: Dangerous or advantageous?},
  journal   = {Acta Physiologica Hungarica},
  year      = {2003},
  volume    = {90},
  pages     = {195--206},
  doi       = {10.1556/APhysiol.90.2003.3.2},
  number     = {3},
  publisher = {Akadémiai Kiadó Zrt.},
}

@Article{Rub01,
  author    = {Rubin, Clinton T. and Sommerfeldt, Dirk W. and Judex, Stefan and Qun, Yi-Xian},
  title     = {Inhibition of osteopenia by low magnitude, high-frequency mechanical stimuli},
  journal   = {Drug Discovery Today},
  year      = {2001},
  volume    = {6},
  pages     = {848--858},
  doi       = {10.1016/S1359-6446(01)01872-4},
  number     = {16},
  publisher = {Elsevier},
}

@incollection{Wol86,
  title      = {The Law of Bone Remodeling},
  publisher  = {Springer-Verlag},
  year       = {1986},
  author     = {Wolff, Julius},
  doi        = {10.1007/978-3-642-71031-5},
  location   = {Berlin},
  translator = {Maquet, Paul and Furlong, Ronald},
}

@Article{Mui13,
  author    = {Muir, Jesse and Kiel, Douglas P. and Rubin, Clinton T.},
  title     = {Safety and severity of accelerations delivered from whole body vibration exercise devices to standing adults},
  journal   = {Journal of Science and Medicine in Sport},
  year      = {2013},
  volume    = {16},
  pages     = {526--531},
  doi       = {10.1016/j.jsams.2013.01.004},
  number     = {6},
  publisher = {Elsevier},
}

@incollection{Pat20,
  title     = {Mechanisms of exercise effects on bone quantity and quality},
  publisher = {Elsevier},
  year      = {2020},
  author    = {Patel, Vihitaben S. and Judex, Stefan and Rubin, Janet and Rubin, Clinton T.},
  editor    = {Bilezikian, John P. and Martin, T. John and Clemens, Thomas L. and Rosen, Clifford J.},
  edition   = {4th},
  booktitle = {Principles of Bone Biology},
  chapter   = {76},
  doi       = {10.1016/B978-0-12-814841-9.00076-2},
  location  = {London},
  pages     = {1759--1784},
}

@Article{Hel18,
  author    = {Heldstab, Sandra A. and Isler, Karin and van Schaik, Carel P.},
  title     = {Hibernation constrains brain size evolution in mammals},
  journal   = {Journal of Evolutionary Biology},
  year      = {2018},
  volume    = {31},
  pages     = {1582--1588},
  doi       = {10.1111/jeb.13353},
  number     = {10},
  publisher = {Wiley},
}

@InProceedings{Lin04,
  author       = {Lin, D. C. and Egeland, L. A. and Schertenleib, K. W. and Nelson, O. L. and Robbins, C. T.},
  title        = {Intermittent muscle activation in grizzly bears during hibernation: A strategy to prevent muscle atrophy?},
  year         = {2004},
  organization = {Society for Neuroscience Annual Meeting Program},
  publisher    = {Society for Neuroscience},
  location     = {San Diego},
}

@Article{Gei04,
  author    = {Geiser, Fritz},
  title     = {Metabolic rate and body temperature reduction during hibernation and daily torpor},
  journal   = {Annual Review of Physiology},
  year      = {2004},
  volume    = {66},
  pages     = {239--274},
  doi       = {10.1146/annurev.physiol.66.032102.115105},
  publisher = {Annual Reviews, Inc.},
}

@Article{Col001,
  author    = {Colleran, Patrick N. and Wilkerson, M. Keith and Bloomfield, Susan A. and Suva, Larry J. and Turner, Russell T. and Delp, Michael D.},
  title     = {Alterations in skeletal perfusion with simulated microgravity: A possible mechanism for bone remodeling},
  journal   = {Journal of Applied Physiology},
  year      = {2000},
  volume    = {89},
  pages     = {1046--1054},
  doi       = {10.1152/jappl.2000.89.3.1046},
  number     = {3},
  publisher = {American Physiological Society},
}

@Article{Ruf06,
  author    = {Ruff, Christopher and Holt, Brigitte and Trinkaus, Erik},
  title     = {Who's afraid of the big bad {Wolff}? ``{Wolff's law}'' and bone functional adaptation},
  journal   = {American Journal of Physical Anthropology},
  year      = {2006},
  volume    = {129},
  pages     = {484--498},
  doi       = {10.1002/ajpa.20371},
  number     = {4},
  publisher = {Wiley},
}

@Article{Kro77,
  author  = {Krook, Lennart and Wimsatt, William A. and Whalen, Joseph P. and MacIntyre, Iain and Nunez, Eladio A.},
  title   = {Calcitonin and hibernation bone loss in the bat (\emph{Myotis lucifugus})},
  journal = {The Cornell Veterinarian},
  year    = {1977},
  volume  = {67},
  pages   = {265--271},
}

@Article{Ste81,
  author    = {Steinberg, Barry and Singh, Inder Jit and Mitchell, Ormond G.},
  title     = {The effects of cold-stress, hibernation, and prolonged inactivity on bone dynamics in the golden hamster, \emph{Mesocricetus auratus}},
  journal   = {Journal of Morphology},
  year      = {1981},
  volume    = {167},
  pages     = {43--51},
  doi       = {10.1002/jmor.1051670105},
  number     = {1},
  publisher = {Wiley},
}

@Article{McG11,
  author    = {McGee-Lawrence, Meghan E. and Stoll, Danielle M. and Mantila, Emily R. and Fahrner, Bryna K. and Carey, Hannah V. and Donahue, Seth W.},
  title     = {Thirteen-lined ground squirrels (\emph{Ictidomys tridecemlineatus}) show microstructural bone loss during hibernation but preserve bone macrostructural geometry and strength},
  journal   = {Journal of Experimental Biology},
  year      = {2011},
  volume    = {214},
  pages     = {1240--1247},
  doi       = {10.1242/jeb053520},
  number     = {8},
  publisher = {The Company of Biologists},
}

@Article{Bru70,
  author    = {Bruce, D. S. and Wiebers, J. E.},
  title     = {Calcium and phosphate levels in bats (\emph{Myotis lucifugus}) as a function of season and activity},
  journal   = {Experientia},
  year      = {1970},
  volume    = {26},
  pages     = {625--627},
  doi       = {10.1007/BF01898726},
  number     = {6},
  publisher = {Springer Nature},
}

@Article{Par04,
  author    = {Pardy, Connor K. and Wohl, Gregory R. and Ukrainetz, Philip J. and Sawers, Andrew},
  title     = {Maintenance of bone mass and architecture in denning black bears (\emph{Ursus americanus})},
  journal   = {Journal of Zoology},
  year      = {2004},
  volume    = {263},
  pages     = {359--364},
  doi       = {10.1017/S0952836904005412},
  number     = {4},
  publisher = {Cambridge University Press},
}

@incollection{Mzi12,
  title     = {Hibernation in free-ranging {African} woodland dormice, \emph{Graphiurus murinus}},
  publisher = {Springer-Verlag},
  year      = {2012},
  author    = {Mzilikazi, Nomakwezi and Madikiza, Zimkitha and Oelkrug, Rebecca and Baxter, Roderick M.},
  editor    = {Ruf, Thomas and Bieber, Claudia and Arnold, Walter and Millesi, Eva},
  booktitle = {Living in a Seasonal World: Thermoregulatory and Metabolic Adaptations},
  chapter   = {4},
  doi       = {10.1007/978-3-642-28678-0_4},
  location  = {Berlin},
  pages     = {41--50},
}

@Comment{jabref-meta: databaseType:bibtex;}
