% Encoding: UTF-8

@Article{Goldsworthy1982,
  author        = {Goldsworthy, David},
  title         = {Ethnicity and leadership in {Africa}: the `untypical' case of {Tom Mboya}},
  journal       = {The Journal of Modern {African} Studies},
  year          = {1982},
  volume        = {20},
  number        = {1},
  pages         = {107--126},
  doi           = {10.1017/S0022278X00000082},
  __markedentry = {[danie_000:6]},
  publisher     = {Cambridge University Press},
}

@Article{Berg-Schlosser1982,
  author        = {Berg-Schlosser, Dirk},
  title         = {Modes and meaning of political participation in {Kenya}},
  journal       = {Comparative Politics},
  year          = {1982},
  volume        = {14},
  number        = {4},
  pages         = {397--405},
  doi           = {10.2307/421630},
  __markedentry = {[danie_000:6]},
  publisher     = {City University of New York},
}

@Article{Orvis2001,
  author        = {Orvis, Stephen},
  title         = {Moral ethnicity and political tribalism in {Kenya's} ``virtual democracy''},
  journal       = {African Issues},
  year          = {2001},
  volume        = {29},
  number        = {1/2},
  pages         = {8--13},
  doi           = {10.2307/1167103},
  __markedentry = {[danie_000:6]},
  publisher     = {African Studies Association},
}

@Article{Syagga2006,
  author        = {Syagga, Paul Maurice},
  title         = {Land ownership and use in {Kenya}: policy prescriptions from an inequality perspective},
  journal       = {Readings on Inequality in {Kenya}: Sectoral Dynamics and Perspectives},
  year          = {2006},
  pages         = {289--344},
  __markedentry = {[danie_000:6]},
}

@PhdThesis{Rutten1992,
  author        = {Rutten, Marinus Mattheus Eduard Maria},
  title         = {Selling wealth to buy poverty: the process of the individualization of landownership among the {Maasai} pastoralists of {Kajiado District, Kenya}, 1890-1990},
  institution   = {Katholieke Universiteit Nijmegen},
  year          = {1992},
  __markedentry = {[danie_000:6]},
  publisher     = {Verlag breitenbach Publishers},
  school        = {College van Decanen},
}

@Article{Feikin2011,
  author        = {Feikin, Daniel R. and Olack, Beatrice and Bigogo, Godfrey M. and Audi, Allan and Cosmas, Leonard and Aura, Barrack and Burke, Heather and Njenga, M. Kariuki and Williamson, John and Breiman, Robert F.},
  title         = {The burden of common infectious disease syndromes at the clinic and household level from population-based surveillance in rural and urban {Kenya}},
  journal       = {PLOS ONE},
  year          = {2011},
  volume        = {6},
  number        = {1},
  doi           = {10.1371/journal.pone.0016085},
  __markedentry = {[danie_000:6]},
  publisher     = {Public Library of Science},
}

@Book{Wesseling1996,
  author        = {Wesseling, Hank L.},
  title         = {Divide and rule: the partition of {Africa}, 1880-1914},
  year          = {1996},
  translator    = {Pomerans, Arnold J.},
  publisher     = {Praeger},
  __markedentry = {[danie_000:6]},
}

@Article{Koff1997,
  author        = {Koff, Clea},
  title         = {On two eras of {African} archaeology: Colonial and national},
  journal       = {Nebraska Anthropologist},
  year          = {1997},
  volume        = {14},
  pages         = {47--57},
  __markedentry = {[danie_000:6]},
  publisher     = {The University of Nebraska-Lincoln AnthroGroup},
}

@InBook{Schmidt1995,
  author        = {Schmidt, Peter Ridgway},
  title         = {Using archaeology to remake history in {Africa}},
  booktitle     = {Making alternative histories: The practice of archaeology and history in non-{Western} settings},
  year          = {1995},
  editor        = {Patterson, Thomas Carl and Schmidt, Peter Ridgway},
  publisher     = {School of American Research Press},
  pages         = {119--147},
  __markedentry = {[danie_000:6]},
}

@InBook{Githiora2008,
  author        = {Githiora, Chege},
  title         = {Kenya: language and the search for a coherent national identity},
  booktitle     = {Language and National Identity in {Africa}},
  year          = {2008},
  editor        = {Simpson, Andrew},
  publisher     = {Oxford University Press},
  location      = {Oxford},
  chapter       = {13},
  pages         = {235--251},
  __markedentry = {[danie_000:6]},
}

@InBook{Topan2008,
  author        = {Topan, Farouk},
  title         = {Tanzania: the successful development of {Swahili} as a national and official language},
  booktitle     = {Language and National Identity in {Africa}},
  year          = {2008},
  editor        = {Simpson, Andrew},
  publisher     = {Oxford University Press},
  location      = {Oxford},
  chapter       = {14},
  pages         = {252--266},
  __markedentry = {[danie_000:6]},
}

@Misc{Nyerere1990,
  author        = {Nyerere, Julius Kambarage},
  title         = {Resignation Speech from Party Chairman},
  year          = {1990},
  __markedentry = {[danie_000:6]},
}

@Article{Achola2010,
  author        = {Achola, Milcah Amolo},
  title         = {Colonial policy and urban health: the case of colonial {Nairobi}},
  journal       = {{AZANIA}: Journal of the {British} Institute in Eastern {Africa}},
  year          = {2010},
  volume        = {36},
  number        = {1},
  pages         = {119--137},
  doi           = {10.1080/00672700109511703},
  __markedentry = {[danie_000:6]},
}

@Book{Lenin1917,
  author        = {Lenin, Vladimir Ilyich},
  title         = {Imperialism, the highest stage of capitalism},
  year          = {1917},
  translator    = {Delaney, Tim and Goins, Kevin},
  location      = {Petrograd},
  __markedentry = {[danie_000:6]},
}

@Book{McMichael2004,
  author        = {McMichael, Philip},
  title         = {Development and social change: A global perspective},
  year          = {2004},
  edition       = {3},
  publisher     = {Sage Publications, Ltd.},
  location      = {London},
  __markedentry = {[danie_000:6]},
}

@Comment{jabref-meta: databaseType:biblatex;}
