% Encoding: UTF-8

@Book{Watson2007,
  author        = {Watson, Cameron J.},
  title         = {{Basque} Nationalism and Political Violence: The Ideological and Intellectual Origins of {ETA}},
  year          = {2007},
  publisher     = {Center for Basque Studies – University of Nevada, Reno},
  location      = {Reno, Nevada},
  __markedentry = {[danie_000:6]},
}

@Book{Whitfield2014,
  author        = {Whitfield, Teresa},
  title         = {Endgame for {ETA}: elusive peace in the {Basque Country}},
  year          = {2014},
  publisher     = {Oxford University Press},
  location      = {New York},
  __markedentry = {[danie_000:6]},
}

@Book{Muroa2017,
  author        = {Muroa, Imanol},
  title         = {Ending {ETA}'s Armed Campaign: How and why the {Basque} armed group abandoned violence},
  year          = {2017},
  publisher     = {Routledge},
  location      = {Abingdon, Oxfordshire},
  __markedentry = {[danie_000:6]},
}

@Article{Guenther2015,
  author        = {Günther, Torsten and Valdiosera, Cristina and Malmström, Helena and Ureña, Irene and Rodriguez-Varela, Ricardo and Sverrisdóttir, Óddny Osk and Daskalaki, Evangelia A. and Skoglund, Pontus and Naidoo, Thijessen and Svensson, Emma M. and de Castro, José María Bermúdez and Carbonell, Eudald and Dunn, Michael and Storå, Jan and Iriarte, Eneko and Arsuaga, Juan Luis and Carretero, José-Miguel and Götherström, Anders and Jakobsson, Mattias},
  title         = {Ancient genomes link early farmers from {Atapuerca} in {Spain} to modern-day {Basques}},
  journal       = {Proceedings of the National Academy of Sciences},
  year          = {2015},
  volume        = {112},
  number        = {38},
  pages         = {11917--11922},
  doi           = {10.1073/pnas.1509851112},
  __markedentry = {[danie_000:6]},
}

@InProceedings{Goring1946,
  title         = {Testimony of {Reich Marshal}, Defendant {Hermann Göring}},
  date          = {1946-03-14},
  publisher     = {Avalon Project, Yale Law School},
  url           = {http://avalon.law.yale.edu/imt/03-14-46.asp#Goering2},
  __markedentry = {[danie_000:6]},
  eventtitle    = {{International Military Tribunal, Nuremburg}},
  shorttitle    = {Testimony of Göring},
  volume        = {IX},
}

@Article{Clark1981,
  author        = {Clark, Robert},
  title         = {Language and politics in {Spain}'s {Basque} provinces},
  journal       = {West European Politics},
  year          = {1981},
  volume        = {4},
  number        = {1},
  month         = jan,
  pages         = {85--103},
  doi           = {10.1080/01402388108424307},
  __markedentry = {[danie_000:6]},
  msbib-day     = {1},
  publisher     = {Routledge},
}

@TechReport{Greiff2014,
  author        = {de Greiff, Pablo},
  title         = {Report of the {Special Rapporteur} on the promotion of truth, justice, reparation and guarantees of non-recurrence},
  institution   = {United Nations},
  year          = {2014},
  pages         = {14},
  __markedentry = {[danie_000:6]},
  school        = {Human Rights Council},
}

@Article{Adams2010,
  author           = {Adams, Gerry},
  title            = {An end to violence for the {Basque} country},
  date             = {2010-02-27},
  __markedentry    = {[danie_000:6]},
  location         = {London},
  journal          = {The Guardian},
  publisher        = {Guardian News and Media Limited},
}

@Comment{jabref-meta: databaseType:biblatex;}
