% Encoding: UTF-8

@InBook{Holl2010,
  author        = {Holl, Augustin F. C.},
  title         = {The archaeology of {Africa}},
  booktitle     = {Archaeology},
  year          = {2010},
  editor        = {Hardesty, Donald L.},
  volume        = {\RN{2}},
  publisher     = {Eolss Publishers Co.\ Ltd.},
  location      = {United Kingdom},
  pages         = {21--66},
  __markedentry = {[danie_000:6]},
  journal       = {Archaeology},
}

@Article{Torre2011,
  author        = {de la Torre, Ignacio},
  title         = {The origins of stone tool technology in {Africa}: A historical perspective},
  journal       = {Philosophical Transactions of the Royal Society B},
  year          = {2011},
  volume        = {366},
  number        = {1567},
  pages         = {1028--1037},
  doi           = {10.1098/rstb.2010.0350},
  __markedentry = {[danie_000:6]},
}

@Article{Koff1997,
  author        = {Koff, Clea},
  title         = {On two eras of {African} archaeology: Colonial and national},
  journal       = {Nebraska Anthropologist},
  year          = {1997},
  volume        = {14},
  pages         = {47--57},
  __markedentry = {[danie_000:6]},
  publisher     = {The University of Nebraska-Lincoln AnthroGroup},
}

@InBook{Schmidt1995,
  author        = {Schmidt, Peter Ridgway},
  title         = {Using archaeology to remake history in {Africa}},
  booktitle     = {Making alternative histories: The practice of archaeology and history in non-{Western} settings},
  year          = {1995},
  editor        = {Patterson, Thomas Carl and Schmidt, Peter Ridgway},
  publisher     = {School of American Research Press},
  pages         = {119--147},
  __markedentry = {[danie_000:6]},
}

@Article{Shepherd2002,
  author        = {Shepherd, Nick},
  title         = {The politics of archaeology in {Africa}},
  journal       = {Annual Review of Anthropology},
  year          = {2002},
  volume        = {31},
  pages         = {189--209},
  doi           = {10.1146/annurev.anthro.31.040402.085424},
  __markedentry = {[danie_000:6]},
}

@Book{Wenke2007,
  author        = {Wenke, Robert F. and Olszewski, Deborah J.},
  title         = {Patterns in prehistory: Humankind's first three million years},
  year          = {2007},
  edition       = {5},
  publisher     = {Oxford University Press},
  location      = {Oxford},
  __markedentry = {[danie_000:6]},
}

@Article{Kendrick2014,
  author        = {Kendrick, James},
  title         = {Rethinking modern human origins: Getting out of out of {Africa}},
  journal       = {assemblage},
  year          = {2014},
  volume        = {13},
  pages         = {1--13},
  __markedentry = {[danie_000:6]},
}

@Article{Cann1987,
  author        = {Cann, Rebecca L. and Stoneking, Mark and Wilson, Allan C.},
  title         = {Mitochondrial {DNA} and human evolution},
  journal       = {Nature},
  year          = {1987},
  pages         = {31--36},
  doi           = {10.1038/325031a0},
  __markedentry = {[danie_000:6]},
  publisher     = {Nature Publishing Group},
}

@Article{Arnaut1991,
  author        = {Arnaut, Karel},
  title         = {Art and the {African} world: a historical analysis of their interconnection},
  journal       = {{JASO}},
  year          = {1991},
  volume        = {22},
  number        = {2},
  pages         = {151--165},
  __markedentry = {[danie_000:6]},
}

@Comment{jabref-meta: databaseType:biblatex;}
