% Encoding: UTF-8

@Article{Opini2010,
  author        = {Opini, Bathseba M.},
  title         = {A review of the participation of disabled persons in the labour force: the {Kenyan} context},
  journal       = {Disability \& Society},
  year          = {2010},
  volume        = {25},
  number        = {3},
  pages         = {271--287},
  doi           = {10.1080/09687591003701181},
  __markedentry = {[danie_000:6]},
  publisher     = {Taylor \& Francis},
}

@Article{Cobley2012,
  author        = {Cobley, David S.},
  title         = {Towards economic empowerment: segregation versus inclusion in the {Kenyan} context},
  journal       = {Disability \& Society},
  year          = {2012},
  volume        = {27},
  number        = {3},
  pages         = {371--384},
  doi           = {10.1080/09687599.2012.654988},
  __markedentry = {[danie_000:6]},
  publisher     = {Taylor \& Francis},
}

@Article{Stern1989,
  author        = {Stern, Steven},
  title         = {Measuring the effect of disability on labor force participation},
  journal       = {The Journal of Human Resources},
  year          = {1989},
  volume        = {24},
  number        = {3},
  pages         = {361--395},
  doi           = {10.2307/145819},
  __markedentry = {[danie_000:6]},
  publisher     = {University of Wisconsin Press},
}

@Article{Lister1998,
  author        = {Lister, Ruth},
  title         = {From equality to social inclusion: {New Labour} and the welfare state},
  journal       = {Critical Social Policy},
  year          = {1998},
  volume        = {18},
  number        = {55},
  pages         = {215--225},
  doi           = {10.1177/026101839801805505},
  __markedentry = {[danie_000:6]},
  publisher     = {SAGE Publications},
}

@Article{Wilton2006,
  author        = {Wilton, Robert and Schuer, Stephanie},
  title         = {Towards socio‚Äêspatial inclusion? Disabled people, neoliberalism and the contemporary labour market},
  journal       = {Area},
  year          = {2006},
  volume        = {38},
  number        = {2},
  pages         = {186--195},
  doi           = {10.1111/j.1475-4762.2006.00668.x},
  __markedentry = {[danie_000:6]},
  publisher     = {John Wiley \& Sons, Inc.},
}

@Report{2011,
  author        = {{National Disability Rights Network}},
  shortauthor   = {{NDRN}},
  title         = {Segregated \& exploited: The failure of the disability service system to provide quality work},
  year          = {2011},
  location      = {Washington, D.C.},
  __markedentry = {[danie_000:6]},
}

@Report{2008,
  shortauthor   = {{NCAPD}},
  author        = {{National Coordinating Agency for Population and Development} and {Kenya National Bureau of Statistics}},
  title         = {Kenya national survey for persons with disabilities},
  year          = {2008},
  location      = {Nairobi},
  __markedentry = {[danie_000:6]},
}

@Article{Livingstone1991,
  author        = {Livingstone, Ian},
  title         = {A reassessment of {Kenya's} rural and urban informal sector},
  journal       = {World Development},
  year          = {1991},
  volume        = {19},
  number        = {6},
  pages         = {651--670},
  doi           = {10.1016/0305-750X(91)90200-2},
  __markedentry = {[danie_000:6]},
  publisher     = {Elsevier Ltd.},
}

@Report{1991,
  shortauthor   = {{ESA}},
  author        = {{Employment Stadards Administration}},
  title         = {Minimum wage and maximum hours standards under the Fair Labor Standards Act},
  institution   = {United States Department of Labor},
  year          = {1991},
  location      = {Washington, D.C.},
  __markedentry = {[danie_000:6]},
  publisher     = {Government Printing Office},
  school        = {Department of Labor},
}

@MastersThesis{Wameyo2015,
  author        = {Wameyo, Janet Bwiza},
  title         = {Effect of microfinance services on the growth of persons with disabilities self help groups in Kenya},
  institution   = {University of Nairobi},
  year          = {2015},
  url           = {http://hdl.handle.net/11295/94148},
  __markedentry = {[danie_000:6]},
  school        = {College of Humanities and Social Sciences},
}

@Article{Frey1991,
  author        = {Frey, James H. and Fontana, Andrea},
  title         = {The group interview in social research},
  journal       = {The Social Science Journal},
  year          = {1991},
  volume        = {28},
  number        = {2},
  pages         = {175--187},
  doi           = {10.1016/0362-3319(91)90003-M},
  __markedentry = {[danie_000:6]},
  publisher     = {Elsevier Inc.},
}

@Comment{jabref-meta: databaseType:biblatex;}
