% Encoding: UTF-8

@Book{Lenin1917,
  author        = {Lenin, Vladimir Ilyich},
  title         = {Imperialism, the highest stage of capitalism},
  year          = {1917},
  translator    = {Delaney, Tim and Goins, Kevin},
  location      = {Petrograd},
  __markedentry = {[danie_000:6]},
}

@Book{McMichael2004,
  author        = {McMichael, Philip},
  title         = {Development and social change: A global perspective},
  year          = {2004},
  edition       = {3},
  publisher     = {Sage Publications, Ltd.},
  location      = {London},
  __markedentry = {[danie_000:6]},
}

@Book{So1990,
  author        = {So, Alvin Y.},
  title         = {Social change and development: Modernization, dependency, and world-system theories},
  year          = {1990},
  publisher     = {Sage Publications, Ltd.},
  location      = {London},
  __markedentry = {[danie_000:6]},
}

@Book{Sayre1919,
  author        = {Sayre, Francis Bowes},
  title         = {Experiments in international administration},
  year          = {1919},
  publisher     = {Harper \& Bros.},
  location      = {New York},
  __markedentry = {[danie_000:6]},
}

@Article{Charnovitz1997,
  author        = {Charnovitz, Steve},
  title         = {Two centuries of participation: {NGOs} and international governance},
  journal       = {Michigan Journal of International Law},
  year          = {1997},
  volume        = {18},
  number        = {2},
  pages         = {183--286},
  __markedentry = {[danie_000:6]},
}

@Article{Tipps1973,
  author        = {Tipps, Dean C.},
  title         = {Modernization theory and the comparative study of societies: A critical perspective},
  journal       = {Comparative Studies in Society and History},
  year          = {1973},
  volume        = {15},
  number        = {2},
  pages         = {199--226},
  __markedentry = {[danie_000:6]},
  publisher     = {Cambridge University Press},
}

@InBook{Ferraro2008,
  author        = {Ferraro, Vincent},
  title         = {Dependency theory: An introduction},
  booktitle     = {The development economics reader},
  year          = {2008},
  editor        = {Secondi, Giorgio},
  publisher     = {Routledge},
  location      = {London},
  pages         = {58--64},
  __markedentry = {[danie_000:6]},
  journal       = {The Development Economics Reader},
}

@Article{Frank1966,
  author        = {Frank, Anne Gunder},
  title         = {The development of underdevelopment},
  journal       = {Monthly Review},
  year          = {1966},
  volume        = {18},
  number        = {4},
  pages         = {17--31},
  doi           = {10.14452/MR-018-04-1966-08_3},
  __markedentry = {[danie_000:6]},
}

@Article{Schiff1973,
  author        = {Schiff, Martin},
  title         = {Neo-transcendentalism in the {New Left} counter-culture: A vision of the future looking back},
  journal       = {Comparative Studies in Society and History},
  year          = {1973},
  volume        = {15},
  number        = {2},
  pages         = {130--142},
  __markedentry = {[danie_000:6]},
}

@Article{Frobel1976,
  author        = {Frobel, Folker and Heinrichs, Jurgen and Kreye, Otto},
  title         = {Tendency towards a new international division of labour: Worldwide utilisation of labour force for world market oriented manufacturing},
  journal       = {Economic and Political Weekly},
  year          = {1976},
  volume        = {11},
  number        = {5/7},
  pages         = {159--170},
  __markedentry = {[danie_000:6]},
}

@Book{Marx1887,
  author        = {Marx, Karl},
  title         = {Capital: A critique of political economy},
  year          = {1887},
  editor        = {Engels, Friedrich},
  translator    = {Moore, Samuel and Aveling, Edward},
  volume        = {I},
  publisher     = {Progress Publishers},
  location      = {Moscow},
  __markedentry = {[danie_000:6]},
}

@Comment{jabref-meta: databaseType:biblatex;}
