% Encoding: UTF-8

@Article{Dye01,
  title            = {Ethics and orphans: The `{Monster Study}'},
  date             = {2001-06-10},
  author           = {Dyer, Jim},
  msbib-day        = {10},
  journal          = {San Jose Mercury News},
  pages            = {1A},
  publisher        = {MediaNews Group, Inc.},
}

@inproceedings{Gar191,
  title           = {Monster Study},
  year            = {2019},
  url             = {https://hdl.handle.net/2142/103717},
  institution     = {University of Illinois at Urbana-Champaign},
  author          = {Gartman, Elizabeth R.},
  msbib-medium    = {Musical composition},
  msbib-performer = {Gartman, Elizabeth R. and Bywaters, Susan and Han, Elise and Lo, Terence},
  eventtitle      = {Re-Mix it Competition, University of Illinois at Urbana-Champaign},
  msbib-writer    = {Gartman, Elizabeth R.},
}

@mastersthesis{Tud39,
  author      = {Tudor, Mary},
  title       = {An experimental study of the effect of evaluative labeling of speech fluency},
  institution = {State University of Iowa},
  year        = {1939},
  doi         = {10.17077/etd.9z9lxfgn},
  school      = {Department of Psychology},
}

@inbook{GoldfarbEthics03,
  author    = {Bloodstein, Oliver},
  title     = {Research in stuttering at the {{University} of {Iowa}} circa 1939},
  year      = {2006},
  editor    = {Goldfarb, Robert},
  publisher = {Plural Publishing},
  location  = {San Diego},
  chapter   = {3},
  pages     = {27--34},
  booktitle = {Ethics: A Case Study from Fluency},
}

@inbook{GoldfarbEthics04,
  author    = {Yairi, Ehud},
  title     = {The {{Tudor} {Study}} and {{Wendell} {Johnson}}},
  year      = {2006},
  editor    = {Goldfarb, Robert},
  publisher = {Plural Publishing},
  location  = {San Diego},
  chapter   = {4},
  pages     = {35--62},
  booktitle = {Ethics: A Case Study from Fluency},
}

@inbook{GoldfarbEthics05,
  author    = {Schmidt, Barbara and Galletta, Elizabeth and Obler, Loraine K.},
  title     = {Teaching research ethics in communication disorders problems},
  year      = {2006},
  editor    = {Goldfarb, Robert},
  publisher = {Plural Publishing},
  location  = {San Diego},
  chapter   = {5},
  pages     = {63--82},
  booktitle = {Ethics: A Case Study from Fluency},
}

@inbook{GoldfarbEthics07,
  author    = {Harris, Katherine S.},
  title     = {Some physiological studies on stuttering},
  year      = {2006},
  editor    = {Goldfarb, Robert},
  publisher = {Plural Publishing},
  location  = {San Diego},
  chapter   = {7},
  pages     = {97--116},
  booktitle = {Ethics: A Case Study from Fluency},
}

@inbook{GoldfarbEthics06,
  author    = {Schwartz, Richard G.},
  title     = {Would today's {IRB} approve the {{Tudor} {Study}}? Ethical considerations in conducting research involving children with communication disorders},
  year      = {2006},
  editor    = {Goldfarb, Robert},
  publisher = {Plural Publishing},
  location  = {San Diego},
  chapter   = {6},
  pages     = {83--96},
  booktitle = {Ethics: A Case Study from Fluency},
}

@inbook{GoldfarbEthics09,
  author    = {Johnson, Nicholas},
  title     = {Retroactive ethical judgements and human studies research: The 1939 {{Tudor} {Study}} in context},
  year      = {2006},
  editor    = {Goldfarb, Robert},
  publisher = {Plural Publishing},
  location  = {San Diego},
  chapter   = {9},
  pages     = {139--200},
  booktitle = {Ethics: A Case Study from Fluency},
}

@inbook{GoldfarbEthics01,
  author    = {Reynolds, Gretchen},
  title     = {The stuttering doctor's ``monster study''},
  year      = {2006},
  editor    = {Goldfarb, Robert},
  publisher = {Plural Publishing},
  location  = {San Diego},
  chapter   = {1},
  pages     = {1--12},
  booktitle = {Ethics: A Case Study from Fluency},
}

@Article{Joh36,
  author    = {Johnson, Wendell},
  title     = {Psychological considerations of stuttering},
  journal   = {Exceptional Children},
  year      = {1936},
  volume    = {3},
  number    = {1},
  pages     = {22--24},
  doi       = {10.1177/001440293600300107},
  publisher = {Council for Exceptional Children},
}

@Article{Sil88,
  author    = {Silverman, Franklin H.},
  title     = {The ``monster'' study},
  journal   = {Journal of Fluency Disorders},
  year      = {1988},
  volume    = {13},
  number    = {3},
  pages     = {225--231},
  doi       = {10.1016/0094-730X(88)90049-6},
  publisher = {Elsevier, Inc.},
}

@Article{Amb02,
  author    = {Ambrose, Nicole Grinager and Yairi, Ehud},
  title     = {The {Tudor} study: Data and ethics},
  journal   = {American Journal of Speech-Language Pathology},
  year      = {2002},
  volume    = {11},
  number    = {2},
  pages     = {190--203},
  doi       = {10.1044/1058-0360(2002/018)},
  publisher = {American Speech-Language-Hearing Association},
}

@Article{Joh42,
  author    = {Johnson, Wendell},
  title     = {A study of the onset and development of stuttering},
  journal   = {Journal of Speech Disorders},
  year      = {1942},
  volume    = {7},
  number    = {3},
  pages     = {251--257},
  doi       = {10.1044/jshd.0703.251},
  publisher = {American Speech-Language-Hearing Association},
}

@Article{BBC07,
  title     = {Huge payout in {US} stuttering case},
  author    = {{BBC News}},
  date	    = {2007-08-17},
  url       = {http://news.bbc.co.uk/2/hi/americas/6952446.stm},
}

@Article{Yai01,
  author  = {Yairi, Ehud and Ambrose, Nicoline Grinager},
  title   = {The {Tudor} experiment and {{Wendell} {Johnson}}: Science and ethics reexamined},
  journal = {ASHA Leader},
  year    = {2001},
  volume  = {6},
  number   = {13},
  pages   = {17},
}

@inbook{GoldfarbEthics08,
  author    = {Goldfarb, Robert},
  title     = {An atheoretical discipline},
  year      = {2006},
  editor    = {Goldfarb, Robert},
  publisher = {Plural Publishing},
  location  = {San Diego},
  chapter   = {8},
  pages     = {117--138},
  booktitle = {Ethics: A Case Study from Fluency},
}

@inbook{GoldfarbEthics02,
  author    = {Goldfarb, Robert},
  title     = {Diagnosis},
  year      = {2006},
  editor    = {Goldfarb, Robert},
  publisher = {Plural Publishing},
  location  = {San Diego},
  chapter   = {2},
  pages     = {13--26},
  booktitle = {Ethics: A Case Study from Fluency},
}

@Comment{jabref-meta: databaseType:biblatex;}
