% Encoding: UTF-8

@Article{Dudarev2013,
  author        = {Dudarev, Alexey A. and Dushkina, Eugenia V. and Sladkova, Yuliya N. and Alloyarov, Pavel R. and Chupakhin, Valery S. and Dorofeyev, Vitaliy M. and Kolesnikova, Tatjana A. and Fridman, Kirill B. and Evengard, Birgitta and Nilsson, Lena M.},
  title         = {Food and water security issues in {Russia} {II}: Water security in general population of {Russian} {Arctic}, {Siberia} and {Far East}, 2000--2011},
  journal       = {International Journal of Circumpolar Health},
  year          = {2013},
  volume        = {72},
  number        = {1},
  month         = dec,
  doi           = {10.3402/ijch.v72i0.22646},
  __markedentry = {[danie_000:6]},
  msbib-day     = {9},
}

@Article{Eichelberger2014,
  author        = {Eichelberger, Laura},
  title         = {Spoiling and Sustainability: Technology, Water Insecurity, and Visibility in {Arctic} {Alaska}},
  journal       = {Medical Anthropology},
  year          = {2014},
  volume        = {33},
  number        = {6},
  pages         = {478--496},
  doi           = {10.1080/01459740.2014.917374},
  __markedentry = {[danie_000:6]},
  publisher     = {me},
}

@Article{Hennessy2016,
  author        = {Hennessy, Thomas W. and Bressler, Johnathan M.},
  title         = {Improving health in the {Arctic} region through safe and affordable access to household running water and sewer services: an {Arctic Council} initiative},
  journal       = {International Journal of Circumpolar Health},
  year          = {2016},
  volume        = {75},
  number        = {1},
  month         = apr,
  doi           = {10.3402/ijch.v75.31149},
  __markedentry = {[danie_000:6]},
  msbib-day     = {29},
}

@Article{Mercer2017,
  author        = {Mercer, Nicholas and Hanrahan, Maura},
  title         = {``Straight from the heavens into your bucket'': domestic rainwater harvesting as a measure to improve water security in a subarctic indigenous community},
  journal       = {International Journal of Circumpolar Health},
  year          = {2017},
  volume        = {76},
  number        = {1},
  month         = apr,
  doi           = {10.1080/22423982.2017.1312223},
  __markedentry = {[danie_000:6]},
  msbib-day     = {19},
}

@Online{Struzik2016,
  author                  = {Struzik, Ed},
  title                   = {Food Insecurity: {Arctic} Heat Is Threatening Indigenous Life},
  year                    = {2016},
  url                     = {http://e360.yale.edu/features/arctic_heat_threatens_indigenous_life_climate_change},
  month                   = mar,
  __markedentry           = {[danie_000:6]},
  msbib-day               = {17},
  msbib-medium            = {Web},
  msbib-productioncompany = {Yale University},
}

@TechReport{Howard2003,
  author        = {Howard, Guy and Bartram, Jamie},
  title         = {Domestic Water Quantity, Service Level and Health},
  institution   = {World Health Organization},
  year          = {2003},
  __markedentry = {[danie_000:6]},
}

@Article{Thomas2013,
  author        = {Thomas, K. Timothy and Bell, Jake and Bruden, Dana and Hawley, Millie and Brubaker, Michael},
  title         = {Washeteria closures, infectious disease and community health in rural {Alaska}: a review of clinical data in {Kivalina, Alaska}},
  journal       = {International Journal of Circumpolar Health},
  year          = {2013},
  volume        = {72},
  number        = {1},
  doi           = {10.3402/ijch.v72i0.21233},
  __markedentry = {[danie_000:6]},
}

@Article{Wenger2010,
  author        = {Wenger, Jay D. and Zulz, Tammy and Bruden, Dana and Singleton, Rosalyn and Bruce, Michael G. and Bulkow, Lisa and Parks, Debbie and Rudolph, Karen and Hurlburt, Debby and Ritter, Troy and Klejka, Joseph and Hennessy, Thomas},
  title         = {Invasive Pneumococcal Disease in {Alaskan} Children: Impact of the Seven-Valent Pneumococcal Conjugate Vaccine and the Role of Water Supply},
  journal       = {Pediatric Infectious Disease Journal},
  year          = {2010},
  volume        = {29},
  number        = {3},
  month         = mar,
  pages         = {251--256},
  doi           = {10.1097/INF.0b013e3181bdbed5},
  __markedentry = {[danie_000:6]},
  location      = {Anchorage},
}

@TechReport{2007,
  title         = {{Russia's} Regions: Goals, Challenges, Achievements},
  year          = {2007},
  __markedentry = {[danie_000:6]},
  school        = {United Nations Development Programme},
}

@Misc{2011,
  title                   = {Human Planet: {Arctic} - Life in the Deep Freeze},
  year                    = {2011},
  location                = {, United Kingdom},
  __markedentry           = {[danie_000:6]},
  msbib-producername      = {Brown, Nicholas and Flowers, Mark and Jones, Tom-Hugh and Stone, Tuppence},
  msbib-productioncompany = {BBC},
  msbib-writer            = {Hurt, John},
}

@Article{Hanrahan2014,
  author        = {Hanrahan, Maura and Sarkar, Atanu and Hudson, Amy},
  title         = {Exploring Water Insecurity in a Northern Indigenous Community in {Canada}: The ``Never-Ending Job'' of the {Southern Inuit} of {Black Tickle, Labrador}},
  journal       = {Arctic Anthropology},
  year          = {2014},
  volume        = {51},
  number        = {2},
  pages         = {9--22},
  __markedentry = {[danie_000:6]},
  publisher     = {University of Wisconsin Press},
}

@InProceedings{Dotson2016,
  author        = {Dotson, Aaron},
  title         = {{Alaska} Water Sewer Challenge -- Phase 3, Team {University of Alaska Anchorage}},
  year          = {2016},
  organization  = {Water Innovations for Healthy Arctic Homes},
  publisher     = {Arctic Council},
  location      = {Anchorage},
  __markedentry = {[danie_000:6]},
}

@InProceedings{Brubaker2016,
  author        = {Brubaker, Mike},
  title         = {Climate Change and Community Water Security Emerging Challenges and Strategies},
  year          = {2016},
  organization  = {Water Innovations for Healthy Arctic Homes},
  publisher     = {Alaska Native Tribal Health Consortium},
  location      = {Anchorage},
  __markedentry = {[danie_000:6]},
}

@Comment{jabref-meta: databaseType:biblatex;}
