% Encoding: UTF-8

@Book{Nig62,
  title     = {Games, gods and gambling: The origins and history of probability and statistical ideas from the earliest times to the {Newtonian} era},
  publisher = {Hafner Publishing Company},
  year      = {1962},
  author    = {Nightingale, David Florence},
}

@Article{DeB01,
  author    = {DeBoer, Warren R.},
  title     = {Of dice and women: Gambling and exchange in native {North America}},
  journal   = {Journal of Archaeological Method and Theory},
  year      = {2001},
  volume    = {8},
  pages     = {215--268},
  doi       = {10.1023/A:1011663123339},
  number    = {3},
  publisher = {Springer},
}

@Article{Voo13,
  author  = {Voorhies, Barbara},
  title   = {The deep prehistory of Indian gaming: Possible {Late Archaic} period game boards at the {Tlacuachero Shellmound}, {Chiapas, Mexico}},
  journal = {Latin American Antiquity},
  year    = {2013},
  volume  = {24},
  pages   = {98--115},
  doi     = {10.7183/1045-6635.24.1.98},
  number  = {1},
}

@Book{AristotlePhysics,
  author     = {Aristotle},
  title      = {Physics},
  shorthand  = {Phys.},
  pagination = {none},
  crossref   = {Ari15},
}

@Book{Ari15,
  title      = {Physics},
  publisher  = {University of Adelaide},
  year       = {2015},
  author     = {Aristotle},
  location   = {Adelaide, Australia},
  translator = {Hardie, R. P. and Gaye, R. K.},
}

@Article{Bin07,
  author    = {Binde, Per},
  title     = {Gambling and religion: Histories of concord and conflict},
  journal   = {Journal of Gambling Issues},
  year      = {2007},
  pages     = {145--165},
  doi       = {10.4309/jgi.2007.20.4},
  number    = {20},
  publisher = {Centre for Addiction and Mental Health},
}

@Article{Ste03,
  author  = {Stevenson, Matilda Coxe},
  title   = {Zu√±i games},
  journal = {American Anthropologist},
  year    = {1903},
  volume  = {5},
  pages   = {468--497},
  number  = {3},
}

@Article{Bea96,
  author    = {Beauchamp, M. W.},
  title     = {Iroquois games},
  journal   = {The Journal of American Folklore},
  year      = {1896},
  volume    = {9},
  pages     = {269--277},
  number    = {35},
  publisher = {American Folklore Society},
}

@Article{Her56,
  author    = {Herman, Mary W.},
  title     = {The social aspect of {Huron} property},
  journal   = {American Anthropologist},
  year      = {1956},
  volume    = {58},
  pages     = {1044--1058},
  number    = {6},
  publisher = {Wiley},
}

@Book{Cul07,
  title     = {Games of the {North American} {Indians}},
  publisher = {Government Printing Office},
  year      = {1907},
  author    = {Culin, Stewart},
  location  = {Washington, D.C.},
}

@InBook{Ful74,
  pages     = {1--114},
  title     = {Gambling: A secular ``religion'' for the obsessional neurotic},
  publisher = {Allen Lane},
  year      = {1974},
  author    = {Fuller, Peter},
  editor    = {Halliday, J. and Fuller, Peter},
  booktitle = {The Psychology of Gambling},
  location  = {London},
}

@Article{Kin98,
  author    = {Kindt, John Warren},
  title     = {Follow the money: Gambling, ethics, and subpoenas},
  journal   = {The Annals of the American Academy of Political and Social Science},
  year      = {1998},
  volume    = {556},
  pages     = {85--97},
  doi       = {10.1177/0002716298556001007},
  number    = {1},
  publisher = {SAGE},
}

@InBook{Sto99,
  chapter   = {12},
  title     = {Social impacts of riverboat and land-based non-{Native American} casino gmbling},
  publisher = {Routledge},
  year      = {1999},
  author    = {Stokowski, Patricia A.},
  editor    = {Hsu, Cathy H. C.},
  booktitle = {Legalized Casino Gambling in the United States: The Economic and Social Impact},
  location  = {New York},
}

@InBook{Gil12,
  pages     = {74--79},
  title     = {Gambling can generate much-needed revenue},
  publisher = {Greenhaven Press},
  year      = {2012},
  author    = {Gillespie, Nick},
  editor    = {Haerens, Margaret},
  booktitle = {Gambling},
  location  = {Farmington Hills, Michigan},
}

@Comment{jabref-meta: databaseType:bibtex;}
