% Encoding: UTF-8

@Report{Uni07,
  title       = {{U.N.} Declaration on the Rights of Indigenous Peoples},
  institution = {United Nations General Assembly},
  date        = {2007-12-13},
  number      = {A/61/295},
}

@Misc{The31,
  title      = {{Cherokee Nation} v. {State of Georgia}},
  date       = {1831-03-05},
  note       = {30 U.S. 1},
}

@Report{Uni071,
  author      = {{United States Mission to the United Nations}},
  title       = {Explanation of vote by {Robert Hagen}, {U.S. Advisor}, on the {Declaration on the Rights of Indigenous Peoples}, to the {UN General Assembly}},
  institution = {Office of Press and Public Diplomacy, Department of State},
  date        = {2007-10-13},
  number      = {204(07)},
}

@Article{Fra66,
  author      = {Frank, Anne Gunder},
  title       = {The development of underdevelopment},
  journal     = {Monthly Review},
  pages       = {17--31},
  year        = {1966},
  volume      = {18},
  number      = {4},
  doi         = {10.14452/MR-018-04-1966-08_3},
}

@Report{UniFAQ,
  author      = {{Permanent Forum on Indigenous Issues}},
  title       = {Frequently Asked Questions: Declaration on the Rights of Indigenous Peoples},
  institution = {United Nations},
}

@Report{Dep05,
  author      = {{Department for Culture, Media and Sport}},
  title       = {Guidance for the Care of Human Remains in Museums},
  institution = {HM Government},
  year        = {2005},
}

@Misc{Hum04,
  title    = {Human Tissue Act},
  year     = {2004},
  location = {United Kingdom},
  note     = {ยง47 (2)},
}

@Article{The99,
  author  = {{The Economist}},
  title   = {Let's have our treasure back, please},
  journal = {The Economist},
  date    = {1999-07-10},
  volume  = {352},
  number  = {8127},
  pages   = {66},
}

@Article{Bat82,
  author  = {Bator, Paul Michael},
  title   = {An essay on the international trade in art},
  journal = {Stanford Law Review},
  year    = {1982},
  volume  = {34},
  number  = {2},
  pages   = {275--384},
  doi     = {10.2307/1228349},
}

@InBook{Bei09,
  author    = {Beier, J. Marshall},
  title     = {Forgetting, remembering, and finding indigenous peoples in international relations},
  booktitle = {Indigenous Diplomacies},
  year      = {2009},
  editor    = {Beier, J. Marshall},
  publisher = {Palgrave Macmillan},
  location  = {New York},
  isbn      = {978-0-230-61307-2},
  chapter   = {1},
  pages     = {11--28},
}

@Article{Bur02,
  author  = {Burton, J. L. and Wells, M.},
  title   = {The {Alder Hey} affair},
  journal = {Archives of Disease in Childhood},
  year    = {2002},
  volume  = {86},
  number  = {1},
  issn    = {0003-9888},
  doi     = {10.1136/adc.86.1.4},
}

@InBook{Car12,
  author    = {Carroll, Clint},
  title     = {Articulating indigenous statehood: {Cherokee} state formation and implications for the {UN Declaration on the Rights of Indigenous Peoples}},
  booktitle = {Indigenous Rights in the Age of the {UN} Declaration},
  year      = {2012},
  editor    = {Pulitano, Elvira},
  publisher = {Cambridge University Press},
  isbn      = {978-1-107-02244-7},
  chapter   = {5},
  pages     = {143--171},
}

@InProceedings{Gie09,
  author    = {Giesen, Myra J.},
  title     = {{Native American} human remains in {UK} collections: Implications of {NAGPRA} to consultation, repatriation, and policy development},
  booktitle = {Proceedings of the Ninth Annual Conference of the {British Association for Biological Anthropology and Osteoarchaeology}, {Department of Archaeology}, {University of Reading}},
  year      = {2009},
  volume    = {1918},
  publisher = {Archaeopress},
  location  = {Oxford},
  isbn      = {978-1-4073-0401-4},
  pages     = {123-130},
}

@Article{Kee12,
  author  = {Keeler, Honor},
  title   = {Indigenous international repatriation},
  journal = {Arizona State Law Journal},
  year    = {2012},
  volume  = {44},
  number  = {2},
  pages   = {703--801},
}

@Article{Kof97,
  author  = {Koff, Clea},
  title   = {On two eras of {African} archaeology: Colonial and national},
  journal = {Nebraska Anthropologist},
  year    = {1997},
  volume  = {14},
  pages   = {47--57},
}

@Book{Kup14,
  author    = {Kuprecht, Karolina},
  title     = {Indigenous Peoples' Cultural Property Claims: Repatriation and Beyond},
  year      = {2014},
  publisher = {Springer International Publishing Switzerland},
  location  = {Heidelberg},
  isbn      = {978-3-319-01655-9},
  doi       = {10.1007/978-3-319-01655-9},
}

@Book{McM04,
  author    = {McMichael, Philip},
  title     = {Development and social change: A global perspective},
  year      = {2004},
  edition   = {3},
  publisher = {Sage Publications},
  location  = {London},
  isbn      = {0-7619-8810-6},
}

@Report{Mut79,
  author      = {Mutahi, Karega},
  title       = {Contradictions between language policy and language practice in {Kenya}},
  type        = {Staff seminar paper},
  institution = {University of Nairobi},
  year        = {1979},
}

@InBook{Sch95,
  author    = {Schmidt, Peter Ridgway},
  title     = {Using archaeology to remake history in {Africa}},
  booktitle = {Making alternative histories: The practice of archaeology and history in non-{Western} settings},
  year      = {1995},
  editor    = {Patterson, Thomas Carl and Schmidt, Peter Ridgway},
  publisher = {School of American Research Press},
  pages     = {119--147},
}

@InBook{Sch12,
  author    = {Schulte-Tenckhoff, Isabelle},
  title     = {Treaties, personhood, and self-determination: Understanding the language of indigenous rights},
  booktitle = {Indigenous Rights in the Age of the {UN} Declaration},
  year      = {2012},
  editor    = {Pulitano, Elvira},
  publisher = {Cambridge University Press},
  location  = {Cambridge},
  isbn      = {978-1-107-02244-7},
  chapter   = {2},
  pages     = {64--86},
}

@InBook{Shy09,
  author    = {Shyllon, Folarin},
  title     = {Unraveling history: Return of {African} cultural objects repatriated and looted in colonial times},
  booktitle = {Cultural Heritage Issues: The Legacy of Conquest, Colonization, and Commerce},
  year      = {2009},
  editor    = {Nafziger, James A. R. and Nicgorski, Ann M.},
  publisher = {Martinus Nijhoff Publishers},
  location  = {Leiden},
  isbn      = {978-90-04-16036-1},
  chapter   = {6},
  pages     = {159--168},
}

@InBook{Tur09,
  author    = {Turner, Stefan},
  title     = {Cultural property as national heritage and common human heritage: The problem of reconciling common and individual interests},
  booktitle = {Witnesses to History: Documents and Writings on the Return of Cultural Objects},
  year      = {2009},
  editor    = {Prott, Lyndel},
  publisher = {UNESCO Publishing},
  location  = {Paris},
  isbn      = {978-92-3-104128-0},
  pages     = {110--115},
}

@Report{Wee03,
  author      = {Weeks, Jane and Bott, Valerie},
  title       = {Scoping Survey of Historic Human Remains in {English} Museums undertaken on behalf of the {Ministerial Working Group on Human Remains}},
  institution = {Department for Culture, Media and Sport, HM Government},
  year        = {2003},
}

@InBook{Wei12,
  author    = {Weissner, Siegfried},
  title     = {Indigenous self-determination, culture, and land: A reassessment in light of the 2007 {UN Declaration on the Rights of Indigenous Peoples}},
  booktitle = {Indigenous Rights in the Age of the {UN} Declaration},
  year      = {2012},
  editor    = {Pulitano, Elvira},
  publisher = {Cambridge University Press},
  location  = {Cambridge},
  isbn      = {978-1-107-02244-7},
  chapter   = {1},
  pages     = {31--63},
}

@Comment{jabref-meta: databaseType:biblatex;}
