% Encoding: UTF-8

@Article{Bia84,
  author    = {Bianchi, Robert S. and Barak, Ann},
  title     = {The {Greek} temples of {Sicily}},
  journal   = {Archaeology},
  year      = {1984},
  volume    = {37},
  issue     = {2},
  pages     = {26--32},
  publisher = {Archaeological Institute of America},
}

@Book{Boa80,
  author    = {Boardman, John},
  title     = {The {Greeks} Overseas: Their Early Colonies and Trade},
  year      = {1980},
  edition   = {New and enl.},
  publisher = {Thames and Hudson Inc.},
  location  = {New York},
}

@InProceedings{Dan04,
  author    = {Daniele, A. and Gullo, M. and Leto, A. and Rodonò, G.},
  title     = {A study of the acoustic qualities of the ancient theatre in {Segesta}},
  booktitle = {Proceedings of the 18\textsuperscript{th} International Congress on Acoustics},
  year      = {2004},
  location  = {Tokyo},
}

@Book{Fin83,
  author    = {Fine, John Van Antwerp},
  title     = {The {Ancient Greeks}: A Critical History},
  year      = {1983},
  publisher = {Harvard University Press},
  location  = {Cambridge, Massachusetts},
}

@Book{Fre92,
  author    = {Freeman, Edward A.},
  title     = {The Story of {Sicily}: {Phoenician}, {Greek}, and {Roman}},
  year      = {1892},
  publisher = {G.\ P.\ Putnam’s Sons},
  location  = {New York},
}

@Book{Hol91,
  author    = {Holloway, R. Ross},
  title     = {The Archaeology of {Ancient Sicily}},
  year      = {1991},
  publisher = {Routledge},
  location  = {London},
}

@Book{Lei99,
  author    = {Leighton, Robert},
  title     = {{Sicily} Before History: An Archaeological Survey from the {Paleolithic} to the {Iron Age}},
  year      = {1999},
  publisher = {Gerald Duckworth \& Co.\ Ltd.},
  location  = {London},
}

@InBook{Mar12,
  author    = {Marchesini, Simona},
  title     = {The {Elymian} Language},
  booktitle = {Language and Linguistic Contact in Ancient {Sicily}},
  year      = {2012},
  editor    = {Tribulato, Olga},
  publisher = {Cambridge University Press},
  location  = {Cambridge, United Kingdom},
  pages     = {95--114},
}

@Book{Sjo73,
  author    = {Sjöqvist, Erik},
  title     = {{Sicily} and the {Greeks}: Studies in the Interrelationship between the Indigenous Populations and the {Greek} Colonists},
  year      = {1973},
  publisher = {The University of Michigan Press},
  location  = {Ann Arbor},
}

@Book{Thucydides,
  author     = {Thucydides},
  title      = {History of the {Peloponnesian War}},
  volume     = {8},
  shorthand  = {Pelop. War.},
  pagination = {none},
  crossref   = {Thu03},
}

@Book{Thu03,
  author     = {Thucydides},
  title      = {History of the {Peloponnesian War}},
  year       = {1903},
  translator = {Crawley, Richard},
  volumes    = {8},
  publisher  = {J.M.\ Dent \& Co.},
  location   = {United Kingdom},
}

@PhDThesis{Bal12,
  author      = {Balco, William M.},
  title       = {Material Expressions of Social Change: Indigenous {Sicilian} Responses to External Influences in the First Millennium {B.C.}},
  institution = {University of Wisconson--Milwaukee},
  year        = {2012},
  url         = {https://dc.uwm.edu/etd/194},
  publisher   = {UWM Digital Commons},
  school      = {Department of Anthropology},
}

@Book{Bal68,
  author    = {Ballatore, Gian Pietro and Fierotti, Giovanni},
  title     = {Carta dei suoli della {Sicilia}: Soil map of {Sicily}},
  year      = {1968},
  language  = {italian},
  publisher = {Università di Palermo},
  langid    = {italian},
}

@Book{DeA03,
  author    = {Angelis, Franco De},
  title     = {{Megara Hyblaia} and {Selinous}: The Development of Two {Greek} City-states in {Archaic Sicily}},
  year      = {2003},
  publisher = {University of Oxford Committee for Archaeology},
}

@Article{Bur61,
  author    = {Burford, Alison M.},
  title     = {Temple building at {Segesta}},
  journal   = {The Classical Quarterly},
  year      = {1961},
  volume    = {11},
  issue     = {1-2},
  pages     = {87--93},
  doi       = {10.1017/S0009838800008417},
  publisher = {The Classical Association},
}

@Comment{jabref-meta: databaseType:biblatex;}
