% Encoding: UTF-8

@Article{Lew15,
  author    = {Lewis, Simon L. and Maslin, Mark A.},
  title     = {Defining the Anthropocene},
  journal   = {Nature},
  year      = {2015},
  volume    = {519},
  pages     = {171--180},
  doi       = {10.1038/nature14258},
  publisher = {Nature Publishing},
}

@Article{Col00,
  author    = {Collins, James P. and Kinzig, Ann and Grimm, Nancy B. and Fagan, William F. and Hope, Diane and Wu, Jianguo and Borer, Elizabeth T.},
  title     = {A new urban ecology: Modeling human communities as integral parts of ecosystems poses special problems for the development and testing of ecological theory},
  journal   = {American Scientist},
  year      = {2000},
  volume    = {88},
  pages     = {416--425},
  number    = {5},
  publisher = {Sigma Xi},
}

@Article{Bez19,
  author    = {Bezanson, Michelle and McNamara, Allison},
  title     = {The what and where of primate field research may be failing primate conservation},
  journal   = {Evolutionary Anthropology},
  year      = {2019},
  volume    = {28},
  pages     = {166--178},
  doi       = {10.1002/evan.21790},
  number    = {4},
  publisher = {Wiley},
}

@Article{Mil02,
  author    = {Miller, James R. and Hobbs, Richard J.},
  title     = {Conservation where people live and work},
  journal   = {Conservation Biology},
  year      = {2002},
  volume    = {16},
  pages     = {330--337},
  doi       = {10.1046/j.1523-1739.2002.00420.x},
  number    = {2},
  publisher = {Wiley},
}

@Article{Cru00,
  author    = {Crutzen, Paul J. and Stoermer, Eugene F.},
  title     = {The ``{Anthropocene}''},
  journal   = {IGBP Global Change},
  year      = {2000},
  volume    = {41},
  pages     = {17--18},
  publisher = {International Council for Science},
}

@Article{Kir05,
  author    = {Kirch, Patrick V.},
  title     = {Archaeology and global change: The {Holocene} record},
  journal   = {Annual Review of Environment and Resources},
  year      = {2005},
  volume    = {30},
  pages     = {409--440},
  doi       = {10.1146/annurev.energy.29.102403.140700},
  publisher = {Annual Reviews, Inc.},
}

@Article{Cru02,
  author    = {Crutzen, Paul J.},
  title     = {Geology of mankind},
  journal   = {Nature},
  year      = {2002},
  volume    = {415},
  pages     = {23},
  doi       = {10.1038/415023a},
  number    = {23},
  publisher = {Nature Publishing},
}

@Article{Hat19,
  author  = {Hatfield, Jack H. and Barlow, Jos and Joly, Carlos A. and Lees, Alexander C. and de Freitas Parruco, Ceslo Henrique and Tobias, Joseph A. and Orme, C. David L. and Banks-Leite, Cristina},
  title   = {Mediation of area and edge effects in forest fragments by adjacent land use},
  journal = {Conservation Biology},
  year    = {2019},
  volume  = {Forthcoming},
  doi     = {10.1111/cobi.13390},
}

@Article{Klo99,
  author    = {Kloor, Keith},
  title     = {A surprising tale of life in the city},
  journal   = {Science},
  year      = {1999},
  volume    = {286},
  pages     = {663},
  doi       = {10.1126/science.286.5440.663},
  number    = {5440},
  publisher = {American Association for the Advancement of Science},
}

@Article{Fue12,
  author    = {Fuentes, Agustín},
  title     = {Ethnoprimatology and the anthropology of the human-primate interface},
  journal   = {Annual Review of Anthropology},
  year      = {2012},
  volume    = {41},
  pages     = {101--117},
  doi       = {10.1146/annurev-anthro-092611-145808},
  publisher = {Annual Reviews Inc.},
}

@Article{Ril13,
  author    = {Riley, Erin P.},
  title     = {Contemporary primatology in anthropology: Beyond the epistemological abyss},
  journal   = {American Anthropologist},
  year      = {2013},
  volume    = {115},
  pages     = {411--422},
  doi       = {10.1111/aman.12025},
  number    = {3},
  publisher = {Wiley},
}

@Article{Hof12,
  author  = {Hoffman, Tali S. and O'Riain, M. Justin},
  title   = {Monkey management: Using spatial ecology to understand the extent and severity of human-baboon conflict in the {Cape Peninsula, South Africa}},
  journal = {Ecology and Society},
  year    = {2012},
  volume  = {17},
  pages   = {13},
  doi     = {10.5751/ES-04882-170313},
  number  = {3},
}

@Book{Ethnoprimatology6,
  title     = {Food, feeding, and foraging: Using stable isotope analysis as a methodology in the study of urban primate dietary patterns},
  publisher = {Cambridge University Press},
  year      = {2017},
  author    = {Kwiatt, Anne},
  editor    = {Dore, Kerry M. and Riley, Erin P. and Fuentes, Agustín},
  booktitle = {Ethnoprimatology: A Practical Guide to Research at the Human-Nonhuman Primate Interface},
  chapter   = {6},
  location  = {Cambridge},
  pages     = {56--69},
}

@Article{Kle17,
  author    = {Klegarth, Amy R. and Hollocher, Hope and Jones-Engel, Lisa and Shaw, Eric and Lee, Benjamin P. Y.-H. and Feeney, Tessa and Holmes, Damian and Laguea, Dale and Fuentes, Agustín},
  title     = {Urban primate ranging patterns: {GPS}‐collar deployments for \emph{{Macaca fascicularis}} and \emph{{M. sylvanus}}},
  journal   = {American Journal of Primatology},
  year      = {2017},
  volume    = {79},
  pages     = {e22633},
  doi       = {10.1002/ajp.22633},
  number    = {5},
  publisher = {Wiley},
}

@Article{Nie99,
  author    = {Niemelä, Jari},
  title     = {Ecology and urban planning},
  journal   = {Biodiversity \& Conservation},
  year      = {1999},
  volume    = {8},
  pages     = {119--131},
  doi       = {10.1023/A:1008817325994},
  number    = {1},
  publisher = {Springer Nature},
}

@Book{McK15,
  title     = {Anthropogenic habitat modification, tourist interactions and crop-raiding in howler monkeys},
  publisher = {Springer Nature},
  year      = {2015},
  author    = {McKinney, Tracie and Westin, Jessica L. and Serio-Silva, Juan Carlos},
  editor    = {Kowalewski, Martín M. and Garber, Paul A. and Cortés-Ortiz, Liliana and Urbani, Bernardo and Youlatos, Dionisios},
  booktitle = {Howler Monkeys},
  chapter   = {11},
  doi       = {10.1007/978-1-4939-1960-4_11},
  location  = {New York},
  pages     = {281--311},
}

@Article{Mai15,
  author  = {Maibeche, Yasmina and Moali, Aissa and Yahi, Nassima and Menard, Nelly},
  title   = {Is diet flexibility an adaptive life trait for relictual and peri-urban populations of the endangered primate \emph{{Macaca sylvanus}}?},
  journal = {PLOS One},
  year    = {2015},
  volume  = {10},
  pages   = {e0118596},
  doi     = {10.1371/journal.pone.0118596},
  number  = {2},
}

@Book{Lin16,
  title     = {Protecting nonhuman primates in peri-urban environments: A case study of neotropical monkeys, corridor ecology, and coastal economy in the {Caribe Sur} of {Costa Rica}},
  publisher = {Springer Nature},
  year      = {2016},
  author    = {Lindshield, Stacy M.},
  editor    = {Waller, Michel T.},
  booktitle = {Ethnoprimatology},
  chapter   = {19},
  doi       = {10.1007/978-3-319-30469-4_19},
  pages     = {351--369},
}

@Article{Hoc17,
  author    = {Hockings, Kimberley J. and Yamakoshi, Gen and Matsuzawa, Tetsuro},
  title     = {Dispersal of a human-cultivated crop by wild chimpanzees (\emph{{Pan troglodytes verus}}) in a forest–farm matrix},
  journal   = {International Journal of Primatology},
  year      = {2017},
  volume    = {38},
  pages     = {172--193},
  doi       = {10.1007/s10764-016-9924-y},
  number    = {2},
  publisher = {Springer Nature},
}

@Article{Hil17,
  author    = {Hill, Catherine M.},
  title     = {Primate crop feeding behavior, crop protection, and conservation},
  journal   = {International Journal of Primatology},
  year      = {2017},
  volume    = {38},
  pages     = {385--400},
  doi       = {10.1007/s10764-017-9951-3},
  number    = {2},
  publisher = {Springer Nature},
}

@Article{Bro17,
  author    = {Brotcorne, Fany and Giraud, Gwennan and Gunst, Noëlle and Fuentes, Agustín and Wandia, I. Nengah and Beudels-Jamar, Roseline C. and Poncin, Pascal and Huynen, Marie-Claude and Leca, Jean-Baptiste},
  title     = {Intergroup variation in robbing and bartering by long-tailed macaques at {Uluwatu Temple} ({Bali, Indonesia})},
  journal   = {Primates},
  year      = {2017},
  volume    = {58},
  pages     = {505--516},
  doi       = {10.1007/s10329-017-0611-1},
  number    = {4},
  publisher = {Springer Japan},
}

@Article{Rud03,
  author    = {Ruddiman, William F.},
  title     = {The anthropogenic greenhouse era began thousands of years ago},
  journal   = {Climatic Change},
  year      = {2003},
  volume    = {61},
  pages     = {261--293},
  doi       = {10.1023/B:CLIM.0000004577.17928.fa},
  number    = {3},
  publisher = {Kluwer Academic Publishers},
}

@Article{Sch121,
  author    = {Schurr, Mark R. and Fuentes, Agustín and Luecke, Ellen and Cortes, John and Shaw, Eric},
  title     = {Intergroup variation in stable isotope ratios reflects anthropogenic impact on the {Barbary} macaques (\emph{{Macaca sylvanus}}) of {Gibraltar}},
  journal   = {Primates},
  year      = {2012},
  volume    = {53},
  pages     = {31--40},
  doi       = {10.1007/s10329-011-0268-0},
  number    = {1},
  publisher = {Springer Japan},
}

@Article{Sha13,
  author    = {Sha, John Chih Mun and Hanya, Goro},
  title     = {Diet, activity, habitat use, and ranging of two neighboring groups of food‐enhanced long‐tailed macaques (\emph{{Macaca fascicularis}})},
  journal   = {American Journal of Primatology},
  year      = {2013},
  volume    = {75},
  pages     = {581--592},
  doi       = {10.1002/ajp.22137},
  number    = {6},
  publisher = {Wiley},
}

@Article{ElA12,
  author    = {Alami, Abderrazak El and van Lavieren, Els and Rachida, Aboufatima and Chait, Abderrahman},
  title     = {Differences in activity budgets and diet between semiprovisioned and wild‐feeding groups of the endangered {Barbary} macaque (\emph{{Macaca sylvanus}}) in the{ Central High Atlas Mountains, Morocco}},
  journal   = {American Journal of Primatology},
  year      = {2012},
  volume    = {74},
  pages     = {210--216},
  doi       = {10.1002/ajp.21989},
  number    = {3},
  publisher = {Wiley},
}

@Article{New95,
  author    = {Newmark, William D.},
  title     = {Extinction of mammal populations in western {North American} national parks},
  journal   = {Conservation Biology},
  year      = {1995},
  volume    = {9},
  pages     = {512--526},
  doi       = {10.1046/j.1523-1739.1995.09030512.x},
  number    = {3},
  publisher = {Wiley},
}

@Article{Ilh17,
  author    = {Ilham, Kurnia and Rizaldi and Nurdin, Jabang and Tsuji, Yamato},
  title     = {Status of urban populations of the long-tailed macaque (\emph{{Macaca fascicularis}}) in {West Sumatra, Indonesia}},
  journal   = {Primates},
  year      = {2017},
  volume    = {58},
  pages     = {295--305},
  doi       = {10.1007/s10329-016-0588-1},
  number    = {2},
  publisher = {Springer Japan},
}

@mastersthesis{Won94,
  author      = {Wong, Che-lok},
  title       = {Studies on the feral macaques of {Hong Kong}},
  institution = {Hong Kong University of Science and Technology},
  year        = {1994},
  location    = {Hong Kong},
}

@phdthesis{Beh14,
  author      = {Brotcorne, Fany},
  title       = {Behavioral ecology of commensal long-tailed macaque (\emph{{Macaca fascicularis}}) populations in {Bali, Indonesia}: Impact of anthropic factors},
  institution = {Université de Liège},
  year        = {2014},
  school      = {Département de Biologie, Ecologie et Evolution},
  url         = {https://hdl.handle.net/2268/171819},
}

@InBook{Fue11,
  chapter   = {6},
  pages     = {159--182},
  title     = {Macaque behavior at the human-monkey interface: The activity and demography of semi-free-ranging \emph{{Macaca fascicularis}} at {Padangtegal, Bali, Indonesia}},
  publisher = {Cambridge University Press},
  year      = {2011},
  author    = {Fuentes, Agustín and Rompis, Aida L. T. and Putra, I. G. A. Arta and Watiniasih, Ni Luh and Suartha, I. Nyoman and Soma, I. G. and Wandia, I. Nyoman and Putra, I. D. K. Harya and Stephenson, Rebecca and Selamet, Wayan},
  editor    = {Gumert, Michael D. and Fuentes, Agustín and Jones-Engel, Lisa},
  booktitle = {Monkeys on the Edge: Ecology and Management of Long-Tailed Macaques and their Interface with Humans},
}

@InBook{MdZain2011,
  chapter   = {4},
  pages     = {101--117},
  title     = {Campus monkeys of {Universiti Kebangsaan Malaysia}: Nuisance problems and students' perceptions},
  publisher = {Cambridge University Press},
  year      = {2011},
  author    = {Md-Zain, Badrul Munir and Tarmizi, Mohamed Reza and Mohd-Zaki, Mastura},
  editor    = {Gumert, Michael D. and Fuentes, Agustín and Jones-Engel, Lisa},
  booktitle = {Monkeys on the Edge: Ecology and Management of Long-Tailed Macaques and their Interface with Humans},
}

@Article{van99,
  author    = {van Noordwijk, Maria A. and van Schaik, Carcl P.},
  title     = {The effects of dominance rank and group size on female lifetime reproductive success in wild long-tailed macaques, \emph{{Macaca fascicularis}}},
  journal   = {Primates},
  year      = {1999},
  volume    = {40},
  pages     = {105--130},
  doi       = {10.1007/BF02557705},
  number    = {1},
  publisher = {Springer Nature},
}

@Article{Nic05,
  author  = {Nichols, Ashton},
  title   = {Roaring alligators and burning tygers: Poetry and science from {William Bartram} to {Charles Darwin}},
  journal = {Proceedings of the American Philosophical Society},
  year    = {2005},
  volume  = {149},
  pages   = {304--315},
  number  = {3},
}

@Comment{jabref-meta: databaseType:bibtex;}
