% Encoding: UTF-8

@Misc{Xue19,
  author    = {Xue, Zhuyi},
  title     = {\texttt{ncbitax2lin}: Convert {NCBI} taxonomy dump into lineages},
  month     = feb,
  year      = {2019},
  msbib-day = {2},
  url       = {https://github.com/zyxue/ncbitax2lin},
}

@Article{Wyl12,
  author    = {Wylie, Kristine M. and Weinstock, George M. and Storch, Gregory A.},
  title     = {Emerging view of the human virome},
  journal   = {Translational research},
  year      = {2012},
  volume    = {160},
  pages     = {283--290},
  doi       = {10.1016/j.trsl.2012.03.006},
  number    = {4},
  publisher = {Elsevier},
}

@Article{Woe98,
  author    = {Woese, Carl Richard},
  title     = {The universal ancestor},
  journal   = {Proceedings of the National Academy of Sciences},
  year      = {1998},
  volume    = {95},
  pages     = {6854--6859},
  doi       = {10.1073/pnas.95.12.6854},
  number    = {12},
  publisher = {National Academy of Sciences},
}

@Article{Woe77,
  author  = {Woese, Carl Richard and Fox, George Edward},
  title   = {Phylogenetic structure of the prokaryotic domain: The primary kingdoms},
  journal = {Proceedings of the National Academy of Sciences},
  year    = {1977},
  volume  = {74},
  pages   = {5088--5090},
  doi     = {10.1073/pnas.74.11.5088},
  number  = {11},
}

@Manual{Wic18,
  author    = {Wickham, Hadley and Hester, Jim and Francois, Romain},
  title     = {\texttt{readr}: Read Rectangular Text Data},
  month     = dec,
  year      = {2018},
  edition   = {Package version 1.3.1},
  msbib-day = {21},
  url       = {https://cran.R-project.org/web/packages/readr/index.html},
}

@Article{Wei19,
  author    = {Wei, Chih-Hsuan and Allot, Alexis and Leaman, Robert and Lu, Zhiyong},
  title     = {PubTator central: Automated concept annotation for},
  journal   = {Nucleic Acids Research},
  year      = {2019},
  volume    = {47},
  pages     = {W587-W593},
  doi       = {10.1093/nar/gkz389},
  number    = {W1},
  publisher = {Oxford University Press},
}

@Article{Wal14,
  author   = {Waller, Alison S. and Yamada, Takuji and Kristensen, David M. and Kultima, Jens Roat and Sunagawa, Shinichi and Koonin, Eugene V. and Bork, Peer},
  title    = {Classification and quantification of bacteriophage taxa in human gut metagenomes},
  journal  = {The ISME Journal},
  year     = {2014},
  volume   = {8},
  pages    = {1391--1402},
  doi      = {10.1038/ismej.2014.30},
  language = {english},
}

@Article{Tha06,
  author  = {Thauer, Rudolf K. and Shima, Seigo},
  title   = {Methane and microbes},
  journal = {Nature},
  year    = {2006},
  volume  = {440},
  pages   = {878–879},
  doi     = {10.1038/440878a},
}

@Article{Soe07,
  author    = {Soebel, Jack D.},
  title     = {Vulvovaginal candidosis},
  journal   = {The Lancet},
  year      = {2007},
  volume    = {369},
  pages     = {1961--1971},
  doi       = {10.1016/S0140-6736(07)60917-9},
  number    = {9577},
  publisher = {Elsevier},
}

@Manual{Ran19,
  author    = {Rani, Jyoti and Ramachandran, S. and Shah, Ab. Rauf},
  title     = {\texttt{pubmed.mineR}: Text Mining of PubMed Abstracts},
  month     = jul,
  year      = {2019},
  edition   = {Package version 1.0.16},
  msbib-day = {23},
  url       = {https://cran.R-project.org/web/packages/pubmed.mineR/},
}

@Article{Ork19,
  author    = {Orkin, Joseph Daniel and Webb, Shasta Ellen and Melin, Amanda Dawn},
  title     = {Small to modest impact of social group on the gut microbiome of wild Costa Rican capuchins in a seasonal forest},
  journal   = {American Journal of Primatology},
  year      = {2019},
  volume    = {Upcoming},
  pages     = {e22985},
  doi       = {10.1002/ajp.22985},
  publisher = {Wiley},
}

@Article{Ork191,
  author    = {Orkin, Joseph Daniel and Campos, Fernando A. and Myers, Monica S. and Hernandez, Saul E. Cheves and Guadamuz, Adrián and Melin, Amanda D.},
  title     = {Seasonality of the gut microbiota of free-ranging white-faced capuchins in a tropical dry forest},
  journal   = {The ISME Journal},
  year      = {2019},
  volume    = {13},
  pages     = {183--196},
  number    = {1},
  language  = {english},
  publisher = {Springer Nature},
}

@Article{Ore97,
  author    = {Oren, Aharon and Bratbak, Gunnar and Heldal, Mikal},
  title     = {Occurrence of virus-like particles in the Dead Sea},
  journal   = {Extremophiles},
  year      = {1997},
  volume    = {1},
  pages     = {143--149},
  doi       = {10.1007/s007920050027},
  number    = {3},
  publisher = {Springer},
}

@Article{Not68,
  author    = {Nottingham, P. M. and Hungate, R. E.},
  title     = {Isolation of methanogenic bacteria from feces of man},
  journal   = {Journal of Bacteriology},
  year      = {1968},
  volume    = {96},
  pages     = {2178--2179},
  number    = {6},
  publisher = {American Society for Microbiology},
}

@Inbook{Mar13,
  title     = {Infant gut microbiota: Developmental influences and health outcomes},
  publisher = {Springer},
  year      = {2013},
  author    = {Martin, Melanie A. and Sela, David A.},
  editor    = {Clancy, Kathryn B. H. and Hinde, Katie and Rutherford, Julienne N.},
  booktitle = {Building Babies: Primate Development in Proximate and Ultimate Perspective},
  chapter   = {11},
  doi       = {10.1007/978-1-4614-4060-4_11},
  location  = {New York},
  pages     = {233--256},
}

@Article{Man10,
  author    = {Manolakaki, Dimitra and Velmahos, George C. and Kourkoumpetis, Themistoklis and Chang, Yuchiao and Alam, Hasan B. and Moya, Marc M. De and Mylonakis, Eleftherios},
  title     = {Candida infection and colonization among trauma patients},
  journal   = {Virulence},
  year      = {2010},
  volume    = {1},
  pages     = {367--375},
  doi       = {10.4161/viru.1.5.12796},
  number    = {5},
  language  = {english},
  publisher = {Taylor \& Francis},
}

@Article{Mal18,
  author    = {Mallott, Elizabeth K. and Amato, Katherine R.},
  title     = {The microbial reproductive ecology of white-faced capuchins (\textit{Cebus capucinus})},
  journal   = {American Journal of Primatology},
  year      = {2018},
  volume    = {80},
  pages     = {e22896},
  doi       = {10.1002/ajp.22896},
  number    = {8},
  publisher = {Wiley},
}

@Article{Mal181,
  author    = {Mallott, Elizabeth K. and Amato, Katherine R. and Garber, Paul Alan and Malhi, Ripan S.},
  title     = {Influence of fruit and invertebrate consumption on the gut microbiota of wild white‐faced capuchins (\textit{Cebus capucinus})},
  journal   = {American Journal of Physical Anthropology},
  year      = {2018},
  volume    = {165},
  pages     = {576--588},
  doi       = {10.1002/ajpa.23395},
  number    = {3},
  publisher = {Wiley},
}

@Article{Llo16,
  author    = {Lloyd-Price, Jason and Abu-Ali, Galeb and Huttenhower, Curtis},
  title     = {The healthy human microbiome},
  journal   = {Genome Medicine},
  year      = {2016},
  volume    = {8},
  pages     = {51},
  doi       = {10.1186/s13073-016-0307-y},
  publisher = {Springer Nature},
}

@Article{Kou11,
  author    = {Kourkoumpetis, Themistoklis K. and Velmahos, George C. and Ziakas, Panayiotis D. and Tampakakis, Emmanouil and Manolakaki, Dimitra and Coleman, Jeffrey J. and Mylonakis, Eleftherios},
  title     = {The effect of cumulative length of hospital stay on the antifungal resistance of Candida strains isolated from critically ill surgical patients},
  journal   = {Mycopathologica},
  year      = {2011},
  volume    = {171},
  pages     = {85--91},
  doi       = {10.1007/s11046-010-9369-3},
  number    = {2},
  language  = {english},
  publisher = {Springer},
}

@Article{Hor15,
  author    = {Horz, Hans-Peter},
  title     = {Archaeal lineages within the human microbiome: Absent, rare, or elusive?},
  journal   = {Life},
  year      = {2015},
  volume    = {5},
  pages     = {1333--1345},
  doi       = {10.3390/life5021333},
  number    = {2},
  publisher = {MDPI},
}

@Article{Gar19,
  author    = {Garber, Paul Alan and Mallott, Elizabeth K. and Porter, Leila M. and Gomez, Andres},
  title     = {The gut microbiome and metabolome of saddleback tamarins (\textit{Leontocebus weddelli}): Insights into the foraging ecology of a small‐bodied primate},
  journal   = {American Journal of Primatology},
  year      = {2019},
  volume    = {Upcoming},
  pages     = {e23003},
  doi       = {10.1002/ajp.23003},
  publisher = {Wiley},
}

@Article{Ell75,
  author    = {Ellis-Pegler, R. B. and Crabtree, C. and Lambert, H. P.},
  title     = {The faecal flora of children in the United Kingdom},
  journal   = {Epidemiology \& Infection},
  year      = {1975},
  volume    = {75},
  pages     = {135--142},
  doi       = {10.1017/S002217240004715X},
  number    = {1},
  publisher = {Cambridge University Press},
}

@Article{Dut14,
  author   = {Dutilh, Bas E. and Cassman, Noriko and McNair, Katelyn and Sanchez, Savannah E. and Silva, Genivaldo G. Z. and Boling, Lance and Barr, Jeremy J. and Speth, Daan R. and Seguritan, Victor and Aziz, Ramy K. and Felts, Ben and Dinsdale, Elizabeth A. and Mokili, John L. and Edwards, Robert A.},
  title    = {A highly abundant bacteriophage discovered in the unknown sequences of human faecal metagenomes},
  journal  = {Nature Communications},
  year     = {2014},
  volume   = {5},
  pages    = {4498},
  doi      = {10.1038/ncomms5498},
  language = {english},
}

@Article{Dri11,
  author    = {Dridi, Bédis and Raoult, Didier and Drancourt, Michel},
  title     = {Archaea as emerging organisms in complex human microbiomes},
  journal   = {Anaerobe},
  year      = {2011},
  volume    = {17},
  pages     = {56--63},
  doi       = {10.1016/j.anaerobe.2011.03.001},
  number    = {2},
  publisher = {Elsevier},
}

@Article{DeL98,
  author    = {DeLong, Edward F.},
  title     = {Everything in moderation: Archaea as `non-extremophiles'},
  journal   = {Current Opinion in Genetics \& Development},
  year      = {1998},
  volume    = {8},
  pages     = {649--654},
  doi       = {10.1016/S0959-437X(98)80032-4},
  number    = {6},
  publisher = {Elsevier Ltd},
}

@Article{DeL01,
  author    = {DeLong, Edward F. and Pace, Norman R.},
  title     = {Environmental diversity of bacteria and archaea},
  journal   = {Systematic Biology},
  year      = {2001},
  volume    = {50},
  pages     = {470--478},
  doi       = {10.1080/10635150118513},
  number    = {4},
  publisher = {Oxford University Press},
}

@Article{Cho86,
  author    = {Chow, Anthony W. and Percival-Smith, Robin and Bartlett, Karen H. and Goldring, Anita M. and Morrison, Brenda J.},
  title     = {Vaginal colonization with Escherichia coli in healthy women: Determination of relative risks by quantitative culture and multivariate statistical analysis},
  journal   = {American Journal of Obstetrics and Gynecology},
  year      = {1986},
  volume    = {154},
  pages     = {120--126},
  doi       = {10.1016/0002-9378(86)90406-0},
  number    = {1},
  publisher = {Elsevier},
}

@Article{Ben84,
  author    = {Benno, Yoshimi and Sawada, Ken and Mitsuoka, Tomotari},
  title     = {The intestinal microflora of infants: Composition of the fecal flora in breast-fed and bottle-fed infants},
  journal   = {Microbiology and Immunology},
  year      = {1984},
  volume    = {28},
  pages     = {975--986},
  doi       = {10.1111/j.1348-0421.1984.tb00754.x},
  number    = {9},
  publisher = {Wiley},
}

@Article{The12,
  author  = {Curtis Huttenhower and Dirk Gevers and Rob Knight and Sahar Abubucker and Jonathan H. Badger and Asif T. Chinwalla and Heather H. Creasy and Ashlee M. Earl and Michael G. FitzGerald and Robert S. Fulton and Michelle G. Giglio and Kymberlie Hallsworth-Pepin and Elizabeth A. Lobos and Ramana Madupu and Vincent Magrini and John C. Martin and Makedonka Mitreva and Donna M. Muzny and Erica J. Sodergren and James Versalovic and Aye M. Wollam and Kim C. Worley and Jennifer R. Wortman and Sarah K. Young and Qiandong Zeng and Kjersti M. Aagaard and Olukemi O. Abolude and Emma Allen-Vercoe and Eric J. Alm and Lucia Alvarado and Gary L. Andersen and Scott Anderson and Elizabeth Appelbaum and Harindra M. Arachchi and Gary Armitage and Cesar A. Arze and Tulin Ayvaz and Carl C. Baker and Lisa Begg and Tsegahiwot Belachew and Veena Bhonagiri and Monika Bihan and Martin J. Blaser and Toby Bloom and Vivien Bonazzi and J. Paul Brooks and Gregory A. Buck and Christian J. Buhay and Dana A. Busam and Joseph L. Campbell and Shane R. Canon and Brandi L. Cantarel and Patrick S. G. Chain and I-Min A. Chen and Lei Chen and Shaila Chhibba and Ken Chu and Dawn M. Ciulla and Jose C. Clemente and Sandra W. Clifton and Sean Conlan and Jonathan Crabtree and Mary A. Cutting and Noam J. Davidovics and Catherine C. Davis and Todd Z. DeSantis and Carolyn Deal and Kimberley D. Delehaunty and Floyd E. Dewhirst and Elena Deych and Yan Ding and David J. Dooling and Shannon P. Dugan and Wm Michael Dunne and A. Scott Durkin and Robert C. Edgar and Rachel L. Erlich and Candace N. Farmer and Ruth M. Farrell and Karoline Faust and Michael Feldgarden and Victor M. Felix and Sheila Fisher and Anthony A. Fodor and Larry J. Forney and Leslie Foster and Valentina Di Francesco and Jonathan Friedman and Dennis C. Friedrich and Catrina C. Fronick and Lucinda L. Fulton and Hongyu Gao and Nathalia Garcia and Georgia Giannoukos and Christina Giblin and Maria Y. Giovanni and Jonathan M. Goldberg and Johannes Goll and Antonio Gonzalez and Allison Griggs and Sharvari Gujja and Susan Kinder Haake and Brian J. Haas and Holli A. Hamilton and Emily L. Harris and Theresa A. Hepburn and Brandi Herter and Diane E. Hoffmann and Michael E. Holder and Clinton Howarth and Katherine H. Huang and Susan M. Huse and Jacques Izard and Janet K. Jansson and Huaiyang Jiang and Catherine Jordan and Vandita Joshi and James A. Katancik and Wendy A. Keitel and Scott T. Kelley and Cristyn Kells and Nicholas B. King and Dan Knights and Heidi H. Kong and Omry Koren and Sergey Koren and Karthik C. Kota and Christie L. Kovar and Nikos C. Kyrpides and Patricio S. La Rosa and Sandra L. Lee and Katherine P. Lemon and Niall Lennon and Cecil M. Lewis and Lora Lewis and Ruth E. Ley and Kelvin Li and Konstantinos Liolios and Bo Liu and Yue Liu and Chien-Chi Lo and Catherine A. Lozupone and R. Dwayne Lunsford and Tessa Madden and Anup A. Mahurkar and Peter J. Mannon and Elaine R. Mardis and Victor M. Markowitz and Konstantinos Mavromatis and Jamison M. McCorrison and Daniel McDonald and Jean McEwen and Amy L. McGuire and Pamela McInnes and Teena Mehta and Kathie A. Mihindukulasuriya and Jason R. Miller and Patrick J. Minx and Irene Newsham and Chad Nusbaum and Michelle O’Laughlin and Joshua Orvis and Ioanna Pagani and Krishna Palaniappan and Shital M. Patel and Matthew Pearson and Jane Peterson and Mircea Podar and Craig Pohl and Katherine S. Pollard and Mihai Pop and Margaret E. Priest and Lita M. Proctor and Xiang Qin and Jeroen Raes and Jacques Ravel and Jeffrey G. Reid and Mina Rho and Rosamond Rhodes and Kevin P. Riehle and Maria C. Rivera and Beltran Rodriguez-Mueller and Yu-Hui Rogers and Matthew C. Ross and Carsten Russ and Ravi K. Sanka and Pamela Sankar and J. Fah Sathirapongsasuti and Jeffery A. Schloss and Patrick D. Schloss and Thomas M. Schmidt and Matthew Scholz and Lynn Schriml and Alyxandria M. Schubert and Nicola Segata and Julia A. Segre and William D. Shannon and Richard R. Sharp and Thomas J. Sharpton and Narmada Shenoy and Nihar U. Sheth and Gina A. Simone and Indresh Singh and Christopher S. Smillie and Jack D. Sobel and Daniel D. Sommer and Paul Spicer and Granger G. Sutton and Sean M. Sykes and Diana G. Tabbaa and Mathangi Thiagarajan and Chad M. Tomlinson and Manolito Torralba and Todd J. Treangen and Rebecca M. Truty and Tatiana A. Vishnivetskaya and Jason Walker and Lu Wang and Zhengyuan Wang and Doyle V. Ward and Wesley Warren and Mark A. Watson and Christopher Wellington and Kris A. Wetterstrand and James R. White and Katarzyna Wilczek-Boney and YuanQing Wu and Kristine M. Wylie and Todd Wylie and Chandri Yandava and Liang Ye and Yuzhen Ye and Shibu Yooseph and Bonnie P. Youmans and Lan Zhang and Yanjiao Zhou and Yiming Zhu and Laurie Zoloth and Jeremy D. Zucker and Bruce W. Birren and Richard A. Gibbs and Sarah K. Highlander and Barbara A. Methé and Karen E. Nelson and Joseph F. Petrosino and George M. Weinstock and Richard K. Wilson and Owen White},
  title   = {Structure, function and diversity of the healthy human microbiome},
  journal = {Nature},
  year    = {2012},
  volume  = {486},
  pages   = {207--214},
  doi     = {10.1038/nature11234},
}

@Manual{RCo19,
  author    = {{R Core Team}},
  title     = {R: A Language and Environment for Statistical Computing},
  year      = {2019},
  location  = {Vienna, Austria},
  publisher = {R Foundation for Statistical Computing},
  url       = {https://R-project.org/},
}

@Manual{Nat19,
  title     = {NCBI Taxonomy Database},
  month     = feb,
  year      = {2019},
  day       = {2},
  publisher = {National Institutes of Health},
  url       = {https://www.ncbi.nlm.nih.gov/taxonomy},
}

@Comment{jabref-meta: databaseType:bibtex;}
