% Encoding: UTF-8

@TechReport{Mag00,
  author      = {Magadi, Monica and Diamond, Ian and Madise, Nyovani},
  title       = {Individual and community level factors associated with premature births, size of baby at birth, and {Cesarean} section deliveries in {Kenya}},
  institution = {African Population \& Health Research Center},
  year        = {2000},
  publisher   = {Population Council},
}

@Book{Cha90,
  title     = {African Birth: Childbirth in Cultural Transition},
  publisher = {Berev Publications},
  year      = {1990},
  author    = {Chalmers, Beverly},
  location  = {River Club, South Africa},
}

@InBook{Kyo15,
  chapter   = {3},
  pages     = {71--86},
  title     = {Transnational mothering: The meaning of {African} immigrant women’s lives},
  publisher = {Demeter Press},
  year      = {2015},
  author    = {Kyomugisha, Florence},
  editor    = {Craddock, Karen T.},
  booktitle = {Black Motherhood(s): Contours, Contexts and Considerations},
  location  = {Bradford, Ontario, Canada},
}

@InBook{Oma95,
  chapter   = {4},
  pages     = {43--56},
  title     = {Modern family planning, sexual behavior and marriage status among women in {Tanzania}},
  publisher = {M. D. Publications},
  year      = {1995},
  author    = {Omari, C. K.},
  editor    = {Das, Man Singh and Gupta, Vijay Kumar},
  booktitle = {Woman and {African} Society},
  location  = {New Delhi},
}

@InBook{Mee95,
  chapter   = {11},
  pages     = {163--209},
  title     = {Education and adolescent fertility in {Sub-Saharan Africa}},
  publisher = {M. D. Publications},
  year      = {1995},
  author    = {Meekers, Dominique},
  editor    = {Das, Man Singh and Gupta, Vijay Kumar},
  booktitle = {Woman and {African} Society},
  location  = {New Delhi},
}

@InBook{Mus02,
  chapter   = {4},
  pages     = {95--115},
  title     = {The politics of perception or perception as politics? Colonial and missionary representations of {Baganda} women, 1900-1945},
  publisher = {Indiana University Press},
  year      = {2002},
  author    = {Musisi, Nakanyike},
  editor    = {Allman, Jean and Geiger, Susan and Musisi, Nakanyike},
  booktitle = {Women in {African} Colonial Histories},
  location  = {Bloomington, Indiana},
}

@TechReport{Leo19,
  author      = {Leonard, Daniel Glenn},
  title       = {Challenges faced following termination of persons with disabilities froma segregated workshop in {Mombasa, Kenya}},
  institution = {University of Illinois},
  year        = {2019},
  school      = {Undergraduate Research Symposium},
}

@Article{Rei19,
  author    = {Reiches, Meredith W.},
  title     = {Reproductive justice and the history of prenatal summplementation: Ethics, birth spacing, and the “priority infant” model in {The Gambia}: Winner of the 2019 {Catharine Stimpson} prize for outstanding feminist scholarship},
  journal   = {Signs: Journal of Women in Culture and Society},
  year      = {2019},
  volume    = {45},
  pages     = {3--26},
  doi       = {10.1086/703493},
  number    = {1},
  publisher = {University of Chicago Press},
}

@Article{Coo08,
  author  = {Lambkin, F. J.},
  title   = {Syphilis in {Uganda}},
  journal = {The Lancet},
  year    = {1908},
  volume  = {172},
  pages   = {1022--1023},
  doi     = {10.1016/S0140-6736(01)60252-6},
  number  = {4440},
}

@Article{Coo33,
  author  = {Cook, Albert Ruskin},
  title   = {The influence of obstetrical conditions on vital statistics in {Uganda}},
  journal = {The East {African} Medical Journal},
  year    = {1932-33},
  volume  = {9},
  pages   = {327},
}

@Article{Tip73,
  author    = {Tipps, Dean C.},
  title     = {Modernization theory and the comparative study of societies: A critical perspective},
  journal   = {Comparative Studies in Society and History},
  year      = {1973},
  volume    = {15},
  pages     = {199--226},
  doi       = {10.1017/S0010417500007039},
  number    = {2},
  publisher = {Cambridge University Press},
}

@Article{Ear96,
  author    = {Earth, Barbara},
  title     = {Structural adjustment and its effects on health and education in {Tanzania}},
  journal   = {Canadian Woman Studies},
  year      = {1996},
  volume    = {16},
  pages     = {122--128},
  number    = {9},
  publisher = {York University},
}

@Article{Mbu07,
  author    = {Mbugua, Njeri},
  title     = {Factors inhibiting educated mothers in {Kenya} from giving meaningful sex-education to their daughters},
  journal   = {Social Science \& Medicine},
  year      = {2007},
  volume    = {64},
  pages     = {1079--1089},
  doi       = {10.1016/j.socscimed.2006.10.008},
  number    = {5},
  publisher = {Elsevier},
}

@Article{Agb11,
  author    = {Agbemenu, Kafuli and Schlenk, Elizabeth A.},
  title     = {An integrative review of comprehensive sex education for adolescent girls in {Kenya}},
  journal   = {Journal of Nursing Scholarship},
  year      = {2011},
  volume    = {43},
  pages     = {54--63},
  doi       = {10.1111/j.1547-5069.2010.01382.x},
  number    = {1},
  publisher = {Wiley},
}

@Manual{Wik,
  author= {{Wikimedia Foundation}},
  title = {Topviews Analysis},
  url   = {https://tools.wmflabs.org/topviews/},
}

@Article{Hos01,
  author    = {Hossain, Amjad M. and Barik, Sailen and Kulkarni, Pandurang M.},
  title     = {Lack of significant morphological differences between human {X} and {Y} spermatozoa and their precursor cells (spermatids) exposed to different prehybridization treatments},
  journal   = {Journal of Andrology},
  year      = {2001},
  volume    = {22},
  pages     = {119--123},
  doi       = {10.1002/j.1939-4640.2001.tb02161.x},
  number    = {1},
  publisher = {Wiley},
}

@Article{Chi10,
  author    = {Chipeta, E. K. and Chimwaza, W. and Kalilani-Phiri, L.},
  title     = {Contraceptive knowledge, beliefs and attitudes in rural {Malawi}: Misinformation, misbeliefs and misperceptions},
  journal   = {Malawi Medical Journal},
  year      = {2010},
  volume    = {22},
  pages     = {38--41},
  doi       = {10.4314/mmj.v22i2.58790},
  number    = {2},
  publisher = {African Journals Online},
}

@TechReport{Coc19,
  author      = {Cockx, Lara and Colen, Liesbeth and Weerdt, Joachim De and Paloma, Sergio Gomez Y.},
  title       = {Urbanization as a driver of changing food demand in {Africa}: evidence from rural-urban migration in {Tanzania}},
  institution = {European Union},
  year        = {2019},
  number      = {{EUR} 28756 {EN}},
  doi         = {10.2760/515064},
  location    = {Luxembourg},
  publisher   = {Publications Office of the European Union},
}

@InCollection{Ufa141,
  author    = {{Wikipedia contributors}},
  title     = {Ufahamu wa uwezo wa kushika mimba},
  publisher = {Wikimedia Foundation},
  date      = {2014-08-22},
  note      = {Revision 929590},
  booktitle = {Wikipedia ({Swahili} language)},
  url       = {https://sw.wikipedia.org/w/index.php?title=Ufahamu_wa_uwezo_wa_kushika_mimba&oldid=929590#Kama_njia_ya_kupanga_jinsia_ya_mimba},
}

@Comment{jabref-meta: databaseType:bibtex;}
